@inproceedings{edwards_automatic_2021,
	location = {Xi'an, China},
	title = {Automatic Tuning for Data-driven Model Predictive Control},
	isbn = {978-1-72819-077-8},
	url = {https://ieeexplore.ieee.org/document/9562025/},
	doi = {10.1109/ICRA48506.2021.9562025},
	eventtitle = {2021 {IEEE} International Conference on Robotics and Automation ({ICRA})},
	pages = {7379--7385},
	booktitle = {2021 {IEEE} International Conference on Robotics and Automation ({ICRA})},
	publisher = {{IEEE}},
	author = {Edwards, William and Tang, Gao and Mamakoukas, Giorgos and Murphey, Todd and Hauser, Kris},
	urldate = {2022-08-15},
	date = {2021-05-30},
	langid = {english},
	file = {Edwards et al. - 2021 - Automatic Tuning for Data-driven Model Predictive .pdf:/home/mspahn/Zotero/storage/PHL9IR7E/Edwards et al. - 2021 - Automatic Tuning for Data-driven Model Predictive .pdf:application/pdf},
}

@article{yang2020hyperparameter,
  title={On hyperparameter optimization of machine learning algorithms: Theory and practice},
  author={Yang, Li and Shami, Abdallah},
  journal={Neurocomputing},
  volume={415},
  pages={295--316},
  year={2020},
  publisher={Elsevier}
}

@inproceedings{turner2021bayesian,
  title={Bayesian optimization is superior to random search for machine learning hyperparameter tuning: Analysis of the black-box optimization challenge 2020},
  author={Turner, Ryan and Eriksson, David and McCourt, Michael and Kiili, Juha and Laaksonen, Eero and Xu, Zhen and Guyon, Isabelle},
  booktitle={NeurIPS 2020 Competition and Demonstration Track},
  pages={3--26},
  year={2021},
  organization={PMLR}
}



@article{bergstra_algorithms_nodate,
  title={Algorithms for hyper-parameter optimization},
  author={Bergstra, James and Bardenet, R{\'e}mi and Bengio, Yoshua and K{\'e}gl, Bal{\'a}zs},
  journal={Advances in neural information processing systems},
  volume={24},
  year={2011}
}


@article{bergstra_random_nodate,
  title={Random search for hyper-parameter optimization.},
  author={Bergstra, James and Bengio, Yoshua},
  journal={Journal of machine learning research},
  volume={13},
  number={2},
  year={2012}
}


@article{zoph_neural_2017,
  title={Neural architecture search with reinforcement learning},
  author={Zoph, Barret and Le, Quoc V},
  journal={arXiv preprint arXiv:1611.01578},
  year={2016}
}


@book{hutter_automated_2019,
	location = {Cham},
	title = {Automated Machine Learning: Methods, Systems, Challenges},
	isbn = {978-3-030-05317-8 978-3-030-05318-5},
	url = {http://link.springer.com/10.1007/978-3-030-05318-5},
	series = {The Springer Series on Challenges in Machine Learning},
	shorttitle = {Automated Machine Learning},
	publisher = {Springer International Publishing},
	editor = {Hutter, Frank and Kotthoff, Lars and Vanschoren, Joaquin},
	urldate = {2022-08-11},
	date = {2019},
	langid = {english},
	doi = {10.1007/978-3-030-05318-5},
	file = {Hutter et al. - 2019 - Automated Machine Learning Methods, Systems, Chal.pdf:/home/mspahn/Zotero/storage/7NM7SQ64/Hutter et al. - 2019 - Automated Machine Learning Methods, Systems, Chal.pdf:application/pdf},
}

@article{loquercio_autotune_2022,
  title={Autotune: Controller tuning for high-speed flight},
  author={Loquercio, Antonio and Saviolo, Alessandro and Scaramuzza, Davide},
  journal={IEEE Robotics and Automation Letters},
  volume={7},
  number={2},
  pages={4432--4439},
  year={2022},
  publisher={IEEE}
}
% Encoding: UTF-8
Automatically generated by Mendeley Desktop 1.19.4
Any changes to this file will be lost if it is regenerated by Mendeley.

BibTeX export options can be customized via Options -> BibTeX in Mendeley Desktop

@inproceedings{Murali2020,
archivePrefix = {arXiv},
arxivId = {1912.03628},
author = {Murali, Adithyavairavan and Mousavian, Arsalan and Eppner, Clemens and Paxton, Chris and Fox, Dieter},
doi = {10.1109/icra40945.2020.9197318},
eprint = {1912.03628},
file = {:home/mspahn/phd/research/lib/paper/Murali et al.{\_}2020{\_}6-DOF Grasping for Target-driven Object Manipulation in Clutter.pdf:pdf},
isbn = {9781728173955},
issn = {10504729},
month = {sep},
pages = {6232--6238},
publisher = {Institute of Electrical and Electronics Engineers (IEEE)},
title = {{6-DOF Grasping for Target-driven Object Manipulation in Clutter}},
year = {2020}
}


@article{Magyar2019,
author = {Magyar, Bence and Tsiogkas, Nikolaos and Brito, Bruno and Patel, Mayank and Lane, David and Wang, Sen},
doi = {10.3389/frobt.2019.00105},
file = {:home/mspahn/phd/research/lib/paper/Magyar et al.{\_}2019{\_}Guided Stochastic Optimization for Motion Planning.pdf:pdf},
issn = {2296-9144},
journal = {Frontiers in Robotics and AI},
keywords = {learning from demonstration,motion planning,robot learning,robot manipulation,trajectory optimization},
pages = {105},
title = {{Guided Stochastic Optimization for Motion Planning}},
url = {www.frontiersin.org},
volume = {6},
year = {2019}
}
@inproceedings{Thakar2019,
author = {Thakar, Shantanu and Rajendran, Pradeep and Annem, Vivek and Kabir, Ariyan and Gupta, Satyandra},
booktitle = {Proceedings - IEEE International Conference on Robotics and Automation},
doi = {10.1109/ICRA.2019.8793501},
file = {:home/mspahn/phd/research/lib/paper/Thakar et al.{\_}2019{\_}Accounting for part pose estimation uncertainties during trajectory generation for part pick-up using mobile manipula.pdf:pdf},
isbn = {9781538660263},
issn = {10504729},
month = {may},
pages = {1329--1336},
publisher = {Institute of Electrical and Electronics Engineers Inc.},
title = {{Accounting for part pose estimation uncertainties during trajectory generation for part pick-up using mobile manipulators}},
volume = {2019-May},
year = {2019}
}
@inproceedings{Lehner2015a,
author = {Lehner, Peter and Sieverling, Arne and Brock, Oliver},
booktitle = {Proceedings - IEEE International Conference on Robotics and Automation},
doi = {10.1109/ICRA.2015.7139861},
file = {:home/mspahn/phd/research/lib/paper/Lehner, Sieverling, Brock{\_}2015{\_}Incremental, sensor-based motion generation for mobile manipulators in unknown, dynamic environments.pdf:pdf},
issn = {10504729},
month = {jun},
number = {June},
pages = {4761--4767},
publisher = {Institute of Electrical and Electronics Engineers Inc.},
title = {{Incremental, sensor-based motion generation for mobile manipulators in unknown, dynamic environments}},
volume = {2015-June},
year = {2015}
}
@article{Rickert2014,
author = {Rickert, Markus and Sieverling, Arne and Brock, Oliver},
doi = {10.1109/TRO.2014.2340191},
file = {:home/mspahn/phd/research/lib/paper/Rickert, Sieverling, Brock{\_}2014{\_}Balancing exploration and exploitation in sampling-based motion planning.pdf:pdf},
issn = {15523098},
journal = {IEEE Transactions on Robotics},
keywords = {Balancing exploration and exploitation,Path planning for manipulators,Sampling strategy},
month = {dec},
number = {6},
pages = {1305--1317},
publisher = {Institute of Electrical and Electronics Engineers Inc.},
title = {{Balancing exploration and exploitation in sampling-based motion planning}},
volume = {30},
year = {2014}
}
@article{Sieverling,
author = {Sieverling, Arne and Eppner, Clemens and Brock, Oliver},
file = {:home/mspahn/phd/research/lib/paper/Sieverling, Eppner, Brock{\_}2017{\_}Exploiting Contact for Efficient Motion Planning Under Uncertainty.pdf:pdf},
journal = {RSS workshop: Revisiting Contact - Turning a problem into a solution},
pages = {16--19},
title = {{Exploiting Contact for Efficient Motion Planning Under Uncertainty}},
year = {2017}
}
@inproceedings{Thakar2018,
author = {Thakar, Shantanu and Fang, Liwei and Shah, Brual and Gupta, Satyandra},
booktitle = {IEEE International Conference on Automation Science and Engineering},
doi = {10.1109/COASE.2018.8560446},
file = {:home/mspahn/phd/research/lib/paper/Thakar et al.{\_}2018{\_}Towards Time-Optimal Trajectory Planning for Pick-and-Transport Operation with a Mobile Manipulator.pdf:pdf},
isbn = {9781538635933},
issn = {21618089},
month = {dec},
pages = {981--987},
publisher = {IEEE Computer Society},
title = {{Towards Time-Optimal Trajectory Planning for Pick-and-Transport Operation with a Mobile Manipulator}},
volume = {2018-Augus},
year = {2018}
}
@article{Foust2019,
author = {Foust, Rebecca and Chung, Soon-Jo and Hadaegh, Fred Y.},
doi = {10.2514/1.g004590},
file = {:home/mspahn/phd/research/lib/paper/Foust, Chung, Hadaegh{\_}2019{\_}Optimal Guidance and Control with Nonlinear Dynamics Using Sequential Convex Programming.pdf:pdf},
issn = {1533-3884},
journal = {Journal of Guidance, Control, and Dynamics},
month = {dec},
pages = {1--12},
title = {{Optimal Guidance and Control with Nonlinear Dynamics Using Sequential Convex Programming}},
url = {https://arc.aiaa.org/doi/10.2514/1.G004590},
year = {2019}
}
@article{Stein2016,
author = {Stein, Proc{\'{o}}pio and Spalanzani, Anne and Santos, V{\'{i}}tor and Laugier, Christian},
doi = {10.1016/j.robot.2014.09.028},
file = {:home/mspahn/phd/research/lib/paper/Stein et al.{\_}2016{\_}Leader following A study on classification and selection.pdf:pdf},
issn = {09218890},
journal = {Robotics and Autonomous Systems},
keywords = {Dynamic environment,Human-aware navigation,Leader classification,Leader following,Leader selection,Machine learning},
month = {jan},
pages = {79--95},
publisher = {Elsevier},
title = {{Leader following: A study on classification and selection}},
volume = {75},
year = {2016}
}
@inproceedings{Du2018,
author = {Du, Shuang and Shang, Weiwei and Cong, Shuang and Zhang, Chi and Liu, Kun},
booktitle = {2017 IEEE International Conference on Robotics and Biomimetics, ROBIO 2017},
doi = {10.1109/ROBIO.2017.8324497},
file = {:home/mspahn/phd/research/lib/paper/Du et al.{\_}2018{\_}Moving obstacle avoidance of a 5-DOF robot manipulator by using repulsive vector.pdf:pdf},
isbn = {9781538637418},
keywords = {Dynamic environment,moving obstacle,object grasping,robotic manipulator},
month = {mar},
pages = {1--6},
publisher = {Institute of Electrical and Electronics Engineers Inc.},
title = {{Moving obstacle avoidance of a 5-DOF robot manipulator by using repulsive vector}},
volume = {2018-Janua},
year = {2018}
}
@inproceedings{Nikou2017,
archivePrefix = {arXiv},
arxivId = {1705.01426},
author = {Nikou, Alexandres and Verginis, Christos and Heshmati-Alamdari, Shahab and Dimarogonas, Dimos V.},
booktitle = {2017 25th Mediterranean Conference on Control and Automation, MED 2017},
doi = {10.1109/MED.2017.7984201},
eprint = {1705.01426},
file = {:home/mspahn/phd/research/lib/paper/Nikou et al.{\_}2017{\_}A Nonlinear Model Predictive Control scheme for cooperative manipulation with singularity and collision avoidance.pdf:pdf},
isbn = {9781509045334},
month = {jul},
pages = {707--712},
publisher = {Institute of Electrical and Electronics Engineers Inc.},
title = {{A Nonlinear Model Predictive Control scheme for cooperative manipulation with singularity and collision avoidance}},
year = {2017}
}
@article{Rimon1992,
author = {Rimon, Elon and Koditschek, Daniel E.},
doi = {10.1109/70.163777},
file = {:home/mspahn/phd/research/lib/paper/Rimon, Koditschek{\_}1992{\_}Exact Robot Navigation using Artificial Potential Functions.pdf:pdf},
issn = {1042296X},
journal = {IEEE Transactions on Robotics and Automation},
keywords = {navigationProblem,potentialField},
mendeley-tags = {navigationProblem,potentialField},
number = {5},
pages = {501--518},
title = {{Exact Robot Navigation using Artificial Potential Functions}},
volume = {8},
year = {1992}
}
@article{Gerearts2004,
author = {Gerearts, R},
file = {:home/mspahn/phd/research/lib/paper/Gerearts{\_}2004{\_}A comparative study of probalistic roadmap planners.pdf:pdf},
keywords = {agv,prm},
mendeley-tags = {agv,prm},
title = {{A comparative study of probalistic roadmap planners}},
year = {2004}
}
@article{Kalakrishnan2011,
author = {Kalakrishnan, Mrinal and Chitta, Sachin and Theodorou, Evangelos and Pastor, Peter and Schaal, Stefan},
doi = {10.1109/ICRA.2011.5980280},
file = {:home/mspahn/phd/research/lib/paper/Kalakrishnan et al.{\_}2011{\_}STOMP Stochastic trajectory optimization for motion planning.pdf:pdf},
isbn = {9781612843865},
issn = {10504729},
journal = {Proceedings - IEEE International Conference on Robotics and Automation},
keywords = {arm,motionPlanning,obstacleAvoidance,ros,samplingBased,stochasticAlgorithm,stomp},
mendeley-tags = {arm,motionPlanning,obstacleAvoidance,ros,samplingBased,stochasticAlgorithm,stomp},
pages = {4569--4574},
title = {{STOMP: Stochastic trajectory optimization for motion planning}},
url = {https://wiki.ros.org/Papers/ICRA2011{\_}Kalakrishnan},
year = {2011}
}
@inproceedings{Trinh2019,
author = {Trinh, Lan Anh and Ekstrom, Mikael and Curuklu, Baran},
booktitle = {2019 6th International Conference on Control, Decision and Information Technologies, CoDIT 2019},
doi = {10.1109/CoDIT.2019.8820359},
file = {:home/mspahn/phd/research/lib/paper/Trinh, Ekstrom, Curuklu{\_}2019{\_}Petri net based navigation planning with dipole field and dynamic window approach for collision avoidance.pdf:pdf},
isbn = {9781728105215},
month = {apr},
pages = {1013--1018},
publisher = {Institute of Electrical and Electronics Engineers Inc.},
title = {{Petri net based navigation planning with dipole field and dynamic window approach for collision avoidance}},
year = {2019}
}
@inproceedings{Hauser2008,
author = {Hauser, Kris and Bretl, Timothy and Latombe, Jean Claude and Harada, Kensuke and Wilcox, Brian},
booktitle = {International Journal of Robotics Research},
doi = {10.1177/0278364908098447},
file = {:home/mspahn/phd/research/lib/paper/Hauser et al.{\_}2008{\_}Motion planning for legged robots on varied terrain.pdf:pdf},
issn = {02783649},
keywords = {Humanoids,Legged robots,Motion planning,Motion primitives,Probabilistic sample-based planning},
month = {nov},
number = {11-12},
pages = {1325--1349},
title = {{Motion planning for legged robots on varied terrain}},
volume = {27},
year = {2008}
}
@article{Zucker2013,
author = {Zucker, Matt and Ratliff, Nathan and Dragan, Anca D. and Pivtoraiko, Mihail and Klingensmith, Matthew and Dellin, Christopher M. and Bagnell, J. Andrew and Srinivasa, Siddhartha S.},
doi = {10.1177/0278364913488805},
file = {:home/mspahn/phd/research/lib/paper/Zucker et al.{\_}2013{\_}CHOMP Covariant Hamiltonian optimization for motion planning.pdf:pdf},
issn = {02783649},
journal = {International Journal of Robotics Research},
keywords = {Motion planning,constrained optimization,distance fields},
month = {aug},
number = {9-10},
pages = {1164--1193},
title = {{CHOMP: Covariant Hamiltonian optimization for motion planning}},
volume = {32},
year = {2013}
}
@article{Stauble2016,
author = {St{\"{a}}uble, Markus},
file = {:home/mspahn/phd/research/lib/paper/St{\"{a}}uble{\_}2016{\_}Direct Multiple Shooting for Trajectory Optimization of Articulated Robots.pdf:pdf},
title = {{Direct Multiple Shooting for Trajectory Optimization of Articulated Robots}},
year = {2016}
}
@inproceedings{Kakaletsis2019,
author = {Kakaletsis, Efstratios and Tzelepi, Maria and Kaplanoglou, Pantelis I. and Symeonidis, Charalampos and Nikolaidis, Nikos and Tefas, Anastasios and Pitas, Ioannis},
booktitle = {Lecture Notes in Computer Science (including subseries Lecture Notes in Artificial Intelligence and Lecture Notes in Bioinformatics)},
doi = {10.1007/978-3-030-05716-9_27},
file = {:home/mspahn/phd/research/lib/paper/Kakaletsis et al.{\_}2019{\_}Semantic map annotation through UAV video analysis using deep learning models in ROS.pdf:pdf},
isbn = {9783030057152},
issn = {16113349},
keywords = {Crowd detection,Deep learning,Drone imaging,FCNN,Octomap,ROS,Semantic mapping},
month = {jan},
pages = {328--340},
publisher = {Springer Verlag},
title = {{Semantic map annotation through UAV video analysis using deep learning models in ROS}},
volume = {11296 LNCS},
year = {2019}
}
@inproceedings{Ladd2005,
author = {Ladd, Andrew M and Bekris, Kostas E and Rudys, Algis and Kavraki, Lydia E and Wallach, Dan S},
booktitle = {Wireless Networks},
doi = {10.1007/s11276-004-4755-8},
file = {:home/mspahn/phd/research/lib/paper/Ladd et al.{\_}2005{\_}Robotics-based location sensing using wireless ethernet.pdf:pdf},
issn = {10220038},
keywords = {802.11,Localization,Mobile systems,Probabilistic analysis,Wireless networks,localization},
mendeley-tags = {localization},
number = {1-2},
pages = {189--204},
publisher = {Springer Science + Business Media, Inc. Manufactured in The Netherlands},
title = {{Robotics-based location sensing using wireless ethernet}},
volume = {11},
year = {2005}
}
@inproceedings{Ferrer2013,
author = {Ferrer, Gonzalo and Garrell, Anais and Sanfeliu, Alberto},
booktitle = {IEEE International Conference on Intelligent Robots and Systems},
doi = {10.1109/IROS.2013.6696576},
file = {:home/mspahn/phd/research/lib/paper/Ferrer, Garrell, Sanfeliu{\_}2013{\_}Robot companion A social-force based approach with human awareness-navigation in crowded environments.pdf:pdf},
isbn = {9781467363587},
issn = {21530858},
pages = {1688--1694},
title = {{Robot companion: A social-force based approach with human awareness-navigation in crowded environments}},
year = {2013}
}
@inproceedings{Liu2019a,
author = {Liu, Kaijian and Fan, Zhen and Liu, Meiqin and Zhang, Senlin},
booktitle = {Chinese Control Conference, CCC},
doi = {10.23919/ChiCC.2019.8865848},
file = {:home/mspahn/phd/research/lib/paper/Liu et al.{\_}2019{\_}Object-aware semantic mapping of indoor scenes using octomap.pdf:pdf},
isbn = {9789881563972},
issn = {21612927},
keywords = {Mask Region-based Convolutional Network,Object-aware,Octomap,Segmentation Refinement,Semantic Mapping},
month = {jul},
pages = {8671--8676},
publisher = {IEEE Computer Society},
title = {{Object-aware semantic mapping of indoor scenes using octomap}},
volume = {2019-July},
year = {2019}
}
@article{Alonso-Mora2017,
author = {Alonso-Mora, Javier and Baker, Stuart and Rus, Daniela},
doi = {10.1177/0278364917719333},
file = {:home/mspahn/phd/research/lib/paper/Alonso-Mora, Baker, Rus{\_}2017{\_}Multi-robot formation control and object transport in dynamic environments via constrained optimization.pdf:pdf},
issn = {17413176},
journal = {International Journal of Robotics Research},
keywords = {Multi-robot systems,collaborative mobile manipulators,collaborative object transport,constrained optimization,formation control,micro air vehicles,motion planning,sequential convex programming,team of aerial vehicles},
month = {aug},
number = {9},
pages = {1000--1021},
title = {{Multi-robot formation control and object transport in dynamic environments via constrained optimization}},
url = {http://journals.sagepub.com/doi/10.1177/0278364917719333},
volume = {36},
year = {2017}
}
@inproceedings{Pall2018,
author = {P{\'{a}}ll, Elod and Sieverling, Arne and Brock, Oliver},
booktitle = {IEEE International Conference on Intelligent Robots and Systems},
doi = {10.1109/IROS.2018.8594365},
file = {:home/mspahn/phd/research/lib/paper/P{\'{a}}ll, Sieverling, Brock{\_}2018{\_}Contingent Contact-Based Motion Planning.pdf:pdf},
isbn = {9781538680940},
issn = {21530866},
month = {dec},
pages = {6615--6621},
publisher = {Institute of Electrical and Electronics Engineers Inc.},
title = {{Contingent Contact-Based Motion Planning}},
year = {2018}
}
@inproceedings{Tordesillas2019,
archivePrefix = {arXiv},
arxivId = {2001.04420},
author = {Tordesillas, Jesus and Lopez, Brett T and How, Jonathan P},
booktitle = {IEEE International Conference on Intelligent Robots and Systems},
doi = {10.1109/IROS40897.2019.8968021},
eprint = {2001.04420},
file = {:home/mspahn/phd/research/lib/paper/Tordesillas, Lopez, How{\_}2019{\_}FASTER Fast and Safe Trajectory Planner for Flights in Unknown Environments.pdf:pdf},
isbn = {9781728140049},
issn = {21530866},
pages = {1934--1940},
title = {{FASTER: Fast and Safe Trajectory Planner for Flights in Unknown Environments}},
url = {https://github.com/jtorde},
year = {2019}
}
@inproceedings{Zeng2017,
archivePrefix = {arXiv},
arxivId = {1609.09475},
author = {Zeng, Andy and Yu, Kuan Ting and Song, Shuran and Suo, Daniel and Walker, Ed and Rodriguez, Alberto and Xiao, Jianxiong},
booktitle = {Proceedings - IEEE International Conference on Robotics and Automation},
doi = {10.1109/ICRA.2017.7989165},
eprint = {1609.09475},
file = {:home/mspahn/phd/research/lib/paper/Zeng et al.{\_}2017{\_}Multi-view self-supervised deep learning for 6D pose estimation in the Amazon Picking Challenge.pdf:pdf},
isbn = {9781509046331},
issn = {10504729},
month = {jul},
pages = {1386--1393},
publisher = {Institute of Electrical and Electronics Engineers Inc.},
title = {{Multi-view self-supervised deep learning for 6D pose estimation in the Amazon Picking Challenge}},
year = {2017}
}
@article{Luna2019,
author = {Luna, Ryan and Moll, Mark and Badger, Julia and Kavraki, Lydia E},
doi = {10.1177/0278364919890408},
file = {:home/mspahn/phd/research/lib/paper/Luna et al.{\_}2019{\_}A scalable motion planner for high-dimensional kinematic systems.pdf:pdf},
issn = {17413176},
journal = {International Journal of Robotics Research},
keywords = {High-dimensional systems,Motion planning,Sampling-based planning,Workspace-guided sampling},
month = {dec},
pages = {027836491989040},
title = {{A scalable motion planner for high-dimensional kinematic systems}},
url = {http://journals.sagepub.com/doi/10.1177/0278364919890408},
year = {2019}
}
@inproceedings{Peng2019,
author = {Peng, Jichao and Shi, Xiaoyu and Wu, Jianhua and Xiong, Zhenhua},
booktitle = {IEEE/ASME International Conference on Advanced Intelligent Mechatronics, AIM},
doi = {10.1109/AIM.2019.8868371},
file = {:home/mspahn/phd/research/lib/paper/Peng et al.{\_}2019{\_}An object-oriented semantic SLAM system towards dynamic environments for mobile manipulation.pdf:pdf},
isbn = {9781728124933},
month = {jul},
pages = {199--204},
publisher = {Institute of Electrical and Electronics Engineers Inc.},
title = {{An object-oriented semantic SLAM system towards dynamic environments for mobile manipulation}},
volume = {2019-July},
year = {2019}
}
@inproceedings{Sunderhauf2016,
archivePrefix = {arXiv},
arxivId = {1507.02428},
author = {Sunderhauf, Niko and Dayoub, Feras and McMahon, Sean and Talbot, Ben and Schulz, Ruth and Corke, Peter and Wyeth, Gordon and Upcroft, Ben and Milford, Michael},
booktitle = {Proceedings - IEEE International Conference on Robotics and Automation},
doi = {10.1109/ICRA.2016.7487796},
eprint = {1507.02428},
file = {:home/mspahn/phd/research/lib/paper/Sunderhauf et al.{\_}2016{\_}Place categorization and semantic mapping on a mobile robot.pdf:pdf},
isbn = {9781467380263},
issn = {10504729},
month = {jun},
pages = {5729--5736},
publisher = {Institute of Electrical and Electronics Engineers Inc.},
title = {{Place categorization and semantic mapping on a mobile robot}},
volume = {2016-June},
year = {2016}
}
@article{Franzese2018,
author = {Franzese, Giovanni},
file = {:home/mspahn/phd/research/lib/paper/Franzese{\_}2018{\_}On Computing Second Derivates in Optimal Motion Planning for Robot Manipulators.pdf:pdf},
keywords = {Hessian matrix,Optimal motion planning,auto- matic differentiation,dynamic optimization,obstacle avoidance,robot manipulators},
title = {{On Computing Second Derivates in Optimal Motion Planning for Robot Manipulators}},
year = {2018}
}
@inproceedings{Ghosh2016a,
author = {Ghosh, Mukulika and Thomas, Shawna and Morales, Marco and Rodriguez, Sam and Amato, Nancy M.},
booktitle = {IEEE International Conference on Intelligent Robots and Systems},
doi = {10.1109/IROS.2016.7759841},
file = {:home/mspahn/phd/research/lib/paper/Ghosh et al.{\_}2016{\_}Motion planning using hierarchical aggregation of workspace obstacles.pdf:pdf},
isbn = {9781509037629},
issn = {21530866},
month = {nov},
pages = {5716--5721},
publisher = {Institute of Electrical and Electronics Engineers Inc.},
title = {{Motion planning using hierarchical aggregation of workspace obstacles}},
volume = {2016-Novem},
year = {2016}
}
@inproceedings{Mangler2017,
author = {Mangler, Johannes and Mauch, Felix and Roennau, Arne and Dillmann, Ruediger},
booktitle = {2017 18th International Conference on Advanced Robotics, ICAR 2017},
doi = {10.1109/ICAR.2017.8023505},
file = {:home/mspahn/phd/research/lib/paper/Mangler et al.{\_}2017{\_}Predictive motion synchronization for two arm dynamic mobile manipulation.pdf:pdf},
isbn = {9781538631577},
keywords = {Adaptive motion control,Impedance control,Mobile manipulation,Predictive motion,Predictive synchronization},
month = {aug},
pages = {118--123},
publisher = {Institute of Electrical and Electronics Engineers Inc.},
title = {{Predictive motion synchronization for two arm dynamic mobile manipulation}},
year = {2017}
}
@article{NayabZafar2019,
author = {{Nayab Zafar}, Mohd. and Mohanta, J. C. and Sanyal, Alok},
doi = {10.1088/1757-899X/691/1/012008},
file = {:home/mspahn/phd/research/lib/paper/Nayab Zafar, Mohanta, Sanyal{\_}2019{\_}Design and Implementation of an Autonomous Robot Manipulator for Pick {\&}amp Place Planning.pdf:pdf},
issn = {1757-899X},
journal = {IOP Conference Series: Materials Science and Engineering},
month = {dec},
pages = {012008},
title = {{Design and Implementation of an Autonomous Robot Manipulator for Pick {\&} Place Planning}},
url = {https://iopscience.iop.org/article/10.1088/1757-899X/691/1/012008},
volume = {691},
year = {2019}
}
@inproceedings{Gualtieri2018,
archivePrefix = {arXiv},
arxivId = {1707.05615},
author = {Gualtieri, Marcus and Pas, Andreas Ten and Platt, Robert},
booktitle = {Proceedings - IEEE International Conference on Robotics and Automation},
doi = {10.1109/ICRA.2018.8460553},
eprint = {1707.05615},
file = {:home/mspahn/phd/research/lib/paper/Gualtieri, Pas, Platt{\_}2018{\_}Pick and Place Without Geometric Object Models.pdf:pdf},
isbn = {9781538630815},
issn = {10504729},
month = {sep},
pages = {7433--7440},
publisher = {Institute of Electrical and Electronics Engineers Inc.},
title = {{Pick and Place Without Geometric Object Models}},
year = {2018}
}
@article{Lee2017,
archivePrefix = {arXiv},
arxivId = {1705.05344},
author = {Lee, Gilwoo and Srinivasa, Siddhartha S. and Mason, Matthew T.},
eprint = {1705.05344},
file = {:home/mspahn/phd/research/lib/paper/Lee, Srinivasa, Mason{\_}2017{\_}GP-ILQG Data-driven Robust Optimal Control for Uncertain Nonlinear Dynamical Systems.pdf:pdf},
keywords = {controller,policy,reinforcementLearning},
mendeley-tags = {controller,policy,reinforcementLearning},
month = {may},
title = {{GP-ILQG: Data-driven Robust Optimal Control for Uncertain Nonlinear Dynamical Systems}},
url = {http://arxiv.org/abs/1705.05344},
year = {2017}
}
@article{Eppner2018,
author = {Eppner, Clemens and H{\"{o}}fer, Sebastian and Jonschkowski, Rico and Mart{\'{i}}n-Mart{\'{i}}n, Roberto and Sieverling, Arne and Wall, Vincent and Brock, Oliver},
doi = {10.1007/s10514-018-9761-2},
file = {:home/mspahn/phd/research/lib/paper/Eppner et al.{\_}2018{\_}Four aspects of building robotic systems lessons from the Amazon Picking Challenge 2015.pdf:pdf},
issn = {15737527},
journal = {Autonomous Robots},
keywords = {Amazon Picking Challenge,Mobile manipulation,Robotic systems,Warehouse automation},
number = {7},
pages = {1459--1475},
title = {{Four aspects of building robotic systems: lessons from the Amazon Picking Challenge 2015}},
volume = {42},
year = {2018}
}
@inproceedings{Ichter2018,
archivePrefix = {arXiv},
arxivId = {1709.05448},
author = {Ichter, Brian and Harrison, James and Pavone, Marco},
booktitle = {Proceedings - IEEE International Conference on Robotics and Automation},
doi = {10.1109/ICRA.2018.8460730},
eprint = {1709.05448},
file = {:home/mspahn/phd/research/lib/paper/Ichter, Harrison, Pavone{\_}2018{\_}Learning Sampling Distributions for Robot Motion Planning.pdf:pdf},
isbn = {9781538630815},
issn = {10504729},
month = {sep},
pages = {7087--7094},
publisher = {Institute of Electrical and Electronics Engineers Inc.},
title = {{Learning Sampling Distributions for Robot Motion Planning}},
year = {2018}
}
@article{Kothari2013,
author = {Kothari, Mangal and Postlethwaite, Ian},
doi = {10.1007/s10846-012-9776-4},
file = {:home/mspahn/phd/research/lib/paper/Kothari, Postlethwaite{\_}2013{\_}A probabilistically robust path planning algorithm for UAVs using rapidly-exploring random trees.pdf:pdf},
issn = {09210296},
journal = {Journal of Intelligent and Robotic Systems: Theory and Applications},
keywords = {Path planning for uncertain systems,RRTs,UAVs},
month = {aug},
number = {2},
pages = {231--253},
title = {{A probabilistically robust path planning algorithm for UAVs using rapidly-exploring random trees}},
volume = {71},
year = {2013}
}
@article{Haddad2009,
author = {Haddad, M. and Hanchi, S. and Lehtihet, H. E.},
doi = {10.1016/j.euromechsol.2008.06.008},
file = {:home/mspahn/phd/research/lib/paper/Haddad, Hanchi, Lehtihet{\_}2009{\_}Point-to-point trajectory planning of wheeled mobile manipulators with stability constraint. Extension of.pdf:pdf},
issn = {09977538},
journal = {European Journal of Mechanics, A/Solids},
keywords = {Mobile manipulator,Stability constraint,Stochastic optimization,Trajectory planning,wmm},
mendeley-tags = {wmm},
month = {may},
number = {3},
pages = {477--493},
title = {{Point-to-point trajectory planning of wheeled mobile manipulators with stability constraint. Extension of the random-profile approach}},
volume = {28},
year = {2009}
}
@inproceedings{Yu2018,
author = {Yu, Yuantao and Dai, Li and Sun, Zhongqi and Xia, Yuanqing},
booktitle = {Chinese Control Conference, CCC},
doi = {10.23919/ChiCC.2018.8483122},
file = {:home/mspahn/phd/research/lib/paper/Yu et al.{\_}2018{\_}Robust Nonlinear Model Predictive Control for Robot Manipulators with Disturbances.pdf:pdf},
isbn = {9789881563941},
issn = {21612927},
keywords = {Nonlinear model predictive control (NMPC),Robot manipulator,Robust control,Trajectory tracking},
month = {oct},
pages = {3629--3633},
publisher = {IEEE Computer Society},
title = {{Robust Nonlinear Model Predictive Control for Robot Manipulators with Disturbances}},
volume = {2018-July},
year = {2018}
}
@inproceedings{Trautman2010,
author = {Trautman, Peter and Krause, Andreas},
booktitle = {IEEE/RSJ 2010 International Conference on Intelligent Robots and Systems, IROS 2010 - Conference Proceedings},
doi = {10.1109/IROS.2010.5654369},
file = {:home/mspahn/phd/research/lib/paper/Trautman, Krause{\_}2010{\_}Unfreezing the robot Navigation in dense, interacting crowds.pdf:pdf},
isbn = {9781424466757},
pages = {797--803},
title = {{Unfreezing the robot: Navigation in dense, interacting crowds}},
year = {2010}
}
@inproceedings{Ide2011,
author = {Ide, Satoshi and Takubo, Tomohito and Ohara, Kenichi and Mae, Yasushi and Arai, Tatsuo},
booktitle = {URAI 2011 - 2011 8th International Conference on Ubiquitous Robots and Ambient Intelligence},
doi = {10.1109/URAI.2011.6145970},
file = {:home/mspahn/phd/research/lib/paper/Ide et al.{\_}2011{\_}Real-time trajectory planning for mobile manipulator using model predictive control with constraints.pdf:pdf},
isbn = {9781457707223},
keywords = {Mobile Manipulator,Model Predictive Control,Quadratic Programming,Trajectory Planning},
pages = {244--249},
title = {{Real-time trajectory planning for mobile manipulator using model predictive control with constraints}},
year = {2011}
}
@inproceedings{Zhou2019,
author = {Zhou, Chao and Liu, Jicheng},
booktitle = {Proceedings of 2019 IEEE 4th Advanced Information Technology, Electronic and Automation Control Conference, IAEAC 2019},
doi = {10.1109/IAEAC47372.2019.8997926},
file = {:home/mspahn/phd/research/lib/paper/Zhou, Liu{\_}2019{\_}Navigation System for Mobile Robot using RGBD Sensor based on Probabilistic Roadmaps.pdf:pdf},
isbn = {9781728119076},
keywords = {Kinect v2,PRM,SLAM,navigation},
month = {dec},
pages = {1258--1261},
publisher = {Institute of Electrical and Electronics Engineers Inc.},
title = {{Navigation System for Mobile Robot using RGBD Sensor based on Probabilistic Roadmaps}},
year = {2019}
}
@article{Gayle2009,
author = {Gayle, R. and Sud, A. and Andersen, E. and Guy, S. J. and Lin, M. C. and Manocha, D.},
doi = {10.1109/TVCG.2008.84},
file = {:home/mspahn/phd/research/lib/paper/Gayle et al.{\_}2009{\_}Interactive navigation of heterogeneous agents using adaptive roadmaps(2).pdf:pdf},
issn = {10772626},
journal = {IEEE Transactions on Visualization and Computer Graphics},
keywords = {Crowd simulation,Multiagent path planning,Pedestrian dynamics},
month = {jan},
number = {1},
pages = {34--48},
title = {{Interactive navigation of heterogeneous agents using adaptive roadmaps}},
volume = {15},
year = {2009}
}
@inproceedings{Nagatani2002,
author = {Nagatani, K. and Hirayama, T. and Gofuku, A. and Tanaka, Y.},
booktitle = {IEEE International Conference on Intelligent Robots and Systems},
doi = {10.1109/irds.2002.1043994},
file = {:home/mspahn/phd/research/lib/paper/Nagatani et al.{\_}2002{\_}Motion planning for mobile manipulator with keeping manipulability.pdf:pdf},
pages = {1663--1668},
title = {{Motion planning for mobile manipulator with keeping manipulability}},
volume = {2},
year = {2002}
}
@article{LaValle2001,
author = {LaValle, S. M. and Kuffner, J. J.},
doi = {10.1177/02783640122067453},
file = {:home/mspahn/phd/research/lib/paper/LaValle, Kuffner{\_}2001{\_}Randomized kinodynamic planning.pdf:pdf},
issn = {02783649},
journal = {International Journal of Robotics Research},
keywords = {Algorithms,Collision avoidance,Motion planning,Non-holonomic planning,Trajectory planning,agv},
mendeley-tags = {agv},
month = {may},
number = {5},
pages = {378--400},
title = {{Randomized kinodynamic planning}},
volume = {20},
year = {2001}
}

@Article{Rickert2014a,
  author    = {Rickert, Markus and Sieverling, Arne and Brock, Oliver},
  title     = {{Balancing exploration and exploitation in sampling-based motion planning}},
  journal   = {IEEE Transactions on Robotics},
  year      = {2014},
  volume    = {30},
  number    = {6},
  pages     = {1305--1317},
  month     = {dec},
  issn      = {15523098},
  doi       = {10.1109/TRO.2014.2340191},
  file      = {:home/mspahn/phd/research/lib/paper/Rickert, Sieverling, Brock{\_}2014{\_}Balancing exploration and exploitation in sampling-based motion planning.pdf:pdf},
  keywords  = {Balancing exploration and exploitation,Path planning for manipulators,Sampling strategy},
  publisher = {Institute of Electrical and Electronics Engineers Inc.},
}
@book{Seitz1951,
author = {Seitz, Frederick},
booktitle = {Physical Review},
doi = {10.1103/PhysRev.83.134},
file = {:home/mspahn/phd/research/lib/paper/Seitz{\_}1951{\_}Color centers in additively colored alkali halide crystals containing alkaline earth ions.pdf:pdf},
isbn = {9780387303031},
issn = {0031899X},
number = {1},
pages = {134--140},
title = {{Color centers in additively colored alkali halide crystals containing alkaline earth ions}},
volume = {83},
year = {1951}
}
@article{Rajendran2019,
author = {Rajendran, Pradeep and Thakar, Shantanu and Kabir, Ariyan M. and Shah, Brual C. and Gupta, Satyandra K.},
doi = {10.1109/IROS40897.2019.8967865},
file = {:home/mspahn/phd/research/lib/paper/Rajendran et al.{\_}2019{\_}Context-Dependent Search for Generating Paths for Redundant Manipulators in Cluttered Environments.pdf:pdf},
isbn = {9781728140032},
journal = {Iros},
month = {nov},
number = {1},
pages = {5573--5579},
publisher = {IEEE},
title = {{Context-Dependent Search for Generating Paths for Redundant Manipulators in Cluttered Environments}},
url = {https://ieeexplore.ieee.org/document/8967865/},
year = {2019}
}
@inproceedings{Chen2018,
author = {Chen, Jen Hao and Song, Kai Tai},
booktitle = {Proceedings - IEEE International Conference on Robotics and Automation},
doi = {10.1109/ICRA.2018.8460185},
file = {:home/mspahn/phd/research/lib/paper/Chen, Song{\_}2018{\_}Collision-Free Motion Planning for Human-Robot Collaborative Safety under Cartesian Constraint.pdf:pdf},
isbn = {9781538630815},
issn = {10504729},
month = {sep},
pages = {4348--4354},
publisher = {Institute of Electrical and Electronics Engineers Inc.},
title = {{Collision-Free Motion Planning for Human-Robot Collaborative Safety under Cartesian Constraint}},
year = {2018}
}
@article{LaValle2006,
author = {LaValle, Steven M.},
doi = {10.1017/CBO9780511546877},
file = {:home/mspahn/phd/research/lib/paper/LaValle{\_}2006{\_}Planning algorithms.pdf:pdf},
isbn = {9780511546877},
journal = {Planning Algorithms},
keywords = {General,MotionPlanning},
mendeley-tags = {General,MotionPlanning},
pages = {1--826},
title = {{Planning algorithms}},
volume = {9780521862},
year = {2006}
}
@inproceedings{Wang2019,
author = {Wang, Fan and Hauser, Kris},
booktitle = {Proceedings - IEEE International Conference on Robotics and Automation},
doi = {10.1109/ICRA.2019.8794467},
file = {:home/mspahn/phd/research/lib/paper/Wang, Hauser{\_}2019{\_}In-hand object scanning via RGB-d video segmentation.pdf:pdf},
isbn = {9781538660263},
issn = {10504729},
month = {may},
pages = {3296--3302},
publisher = {Institute of Electrical and Electronics Engineers Inc.},
title = {{In-hand object scanning via RGB-d video segmentation}},
volume = {2019-May},
year = {2019}
}
@article{Kleinbort2019,
archivePrefix = {arXiv},
arxivId = {1809.07051},
author = {Kleinbort, Michal and Solovey, Kiril and Littlefield, Zakary and Bekris, Kostas E. and Halperin, Dan},
doi = {10.1109/LRA.2018.2888947},
eprint = {1809.07051},
file = {:home/mspahn/phd/research/lib/paper/Kleinbort et al.{\_}2019{\_}Probabilistic Completeness of RRT for Geometric and Kinodynamic Planning with Forward Propagation.pdf:pdf},
issn = {23773766},
journal = {IEEE Robotics and Automation Letters},
keywords = {Motion and path planning,nonholonomic motion planning},
month = {apr},
number = {2},
pages = {277--283},
publisher = {Institute of Electrical and Electronics Engineers Inc.},
title = {{Probabilistic Completeness of RRT for Geometric and Kinodynamic Planning with Forward Propagation}},
volume = {4},
year = {2019}
}
@article{Likhachev2009,
author = {Likhachev, Maxim and Ferguson, Dave},
doi = {10.1177/0278364909340445},
file = {:home/mspahn/phd/research/lib/paper/Likhachev, Ferguson{\_}2009{\_}Planning long dynamically feasible maneuvers for autonomous vehicles.pdf:pdf;:home/mspahn/phd/research/lib/paper/Likhachev, Ferguson{\_}2009{\_}Planning long dynamically feasible maneuvers for autonomous vehicles(2).pdf:pdf},
issn = {02783649},
journal = {International Journal of Robotics Research},
month = {aug},
number = {8},
pages = {933--945},
title = {{Planning long dynamically feasible maneuvers for autonomous vehicles}},
url = {http://journals.sagepub.com/doi/10.1177/0278364909340445},
volume = {28},
year = {2009}
}
@inproceedings{Qureshi2019,
archivePrefix = {arXiv},
arxivId = {1806.05767},
author = {Qureshi, Ahmed H. and Simeonov, Anthony and Bency, Mayur J. and Yip, Michael C.},
booktitle = {Proceedings - IEEE International Conference on Robotics and Automation},
doi = {10.1109/ICRA.2019.8793889},
eprint = {1806.05767},
file = {:home/mspahn/phd/research/lib/paper/Qureshi et al.{\_}2019{\_}Motion planning networks.pdf:pdf},
isbn = {9781538660263},
issn = {10504729},
month = {may},
pages = {2118--2124},
publisher = {Institute of Electrical and Electronics Engineers Inc.},
title = {{Motion planning networks}},
volume = {2019-May},
year = {2019}
}
@article{Dor1999,
author = {Dor, Dorit and Zwick, Uri},
doi = {10.1016/S0925-7721(99)00017-6},
file = {:home/mspahn/phd/research/lib/paper/Dor, Zwick{\_}1999{\_}SOKOBAN and other motion planning problems.pdf:pdf},
issn = {09257721},
journal = {Computational Geometry: Theory and Applications},
keywords = {Motion planning,NP-hardness,PSPACE-completeness,SOKOBAN},
month = {oct},
number = {4},
pages = {215--228},
publisher = {Elsevier},
title = {{SOKOBAN and other motion planning problems}},
volume = {13},
year = {1999}
}
@article{Xie2019,
archivePrefix = {arXiv},
arxivId = {1911.10065},
author = {Xie, Mandy and Dellaert, Frank},
eprint = {1911.10065},
file = {:home/mspahn/phd/research/lib/paper/Xie, Dellaert{\_}2019{\_}A Unified Method for Solving Inverse, Forward, and Hybrid Manipulator Dynamics using Factor Graphs.pdf:pdf},
month = {nov},
title = {{A Unified Method for Solving Inverse, Forward, and Hybrid Manipulator Dynamics using Factor Graphs}},
url = {http://arxiv.org/abs/1911.10065},
year = {2019}
}
@article{Lavalle1998,
author = {Lavalle, Steven M. and Lavalle, Steven M.},
file = {:home/mspahn/phd/research/lib/paper/Lavalle, Lavalle{\_}1998{\_}Rapidly-Exploring Random Trees A New Tool for Path Planning.pdf:pdf},
title = {{Rapidly-Exploring Random Trees: A New Tool for Path Planning}},
url = {http://citeseerx.ist.psu.edu/viewdoc/summary?doi=10.1.1.35.1853},
year = {1998}
}
@inproceedings{Logothetis2018,
author = {Logothetis, Michalis and Karras, George C. and Heshmati-Alamdari, Shahab and Vlantis, Panagiotis and Kyriakopoulos, Kostas J.},
booktitle = {IEEE International Conference on Intelligent Robots and Systems},
doi = {10.1109/IROS.2018.8593759},
file = {:home/mspahn/phd/research/lib/paper/Logothetis et al.{\_}2018{\_}A Model Predictive Control Approach for Vision-Based Object Grasping via Mobile Manipulator.pdf:pdf;:home/mspahn/phd/research/lib/paper/Logothetis et al.{\_}2018{\_}A Model Predictive Control Approach for Vision-Based Object Grasping via Mobile Manipulator(2).pdf:pdf},
isbn = {9781538680940},
issn = {21530866},
month = {dec},
pages = {7145--7150},
publisher = {Institute of Electrical and Electronics Engineers Inc.},
title = {{A Model Predictive Control Approach for Vision-Based Object Grasping via Mobile Manipulator}},
year = {2018}
}
@article{Li2019,
archivePrefix = {arXiv},
arxivId = {1910.11432},
author = {Li, Chengshu and Xia, Fei and Martin-Martin, Roberto and Savarese, Silvio and Mart{\'{i}}n-Mart{\'{i}}n, Roberto and Savarese, Silvio},
eprint = {1910.11432},
file = {:home/mspahn/phd/research/lib/paper//Li et al.{\_}2019{\_}HRL4IN Hierarchical Reinforcement Learning for Interactive Navigation with Mobile Manipulators.pdf:pdf;:home/mspahn/phd/research/lib/paper/Li et al.{\_}2019{\_}HRL4IN Hierarchical Reinforcement Learning for Interactive Navigation with Mobile Manipulators.pdf:pdf},
keywords = {Hierarchical Reinforcement Learning,Interac-tive Navigation,Mobile Manipulation},
month = {oct},
title = {{HRL4IN: Hierarchical Reinforcement Learning for Interactive Navigation with Mobile Manipulators}},
url = {https://sites.google.com/view/hrl4in. http://arxiv.org/abs/1910.11432},
year = {2019}
}
@article{Jain2009,
author = {Jain, Advait and Kemp, Charles C},
file = {:home/mspahn/phd/research/lib/paper/Jain, Kemp{\_}2009{\_}Behavior-Based Door Opening with Equilibrium Point Control.pdf:pdf},
journal = {RSS Workshop Mobile Manipulation in Human Environments},
title = {{Behavior-Based Door Opening with Equilibrium Point Control}},
year = {2009}
}
@article{Donald1993,
author = {Donald, Bruce and Xavier, Patrick and Canny, John and Reif, John},
doi = {10.1145/174147.174150},
file = {:home/mspahn/phd/research/lib/paper/Donald et al.{\_}1993{\_}Kinodynamic Motion Planning.pdf:pdf},
issn = {1557735X},
journal = {Journal of the ACM (JACM)},
keywords = {Approximation,computational geometry,dynamics,optimal control,robotics,shortest path},
number = {5},
pages = {1048--1066},
title = {{Kinodynamic Motion Planning}},
volume = {40},
year = {1993}
}
@incollection{Cunningham2019,
author = {Cunningham, Alex G. and Galceran, Enric and Mehta, Dhanvin and Ferrer, Gonzalo and Eustice, Ryan M. and Olson, Edwin},
booktitle = {Lecture Notes in Control and Information Sciences},
doi = {10.1007/978-3-319-91569-2_10},
file = {:home/mspahn/phd/research/lib/paper/Cunningham et al.{\_}2019{\_}MPDM Multi-policy Decision-Making from Autonomous Driving to Social Robot Navigation.pdf:pdf},
issn = {01708643},
pages = {201--223},
publisher = {Springer Verlag},
title = {{MPDM: Multi-policy Decision-Making from Autonomous Driving to Social Robot Navigation}},
volume = {476},
year = {2019}
}
@inproceedings{Mukadam2017a,
author = {Mukadam, Mustafa and Dong, Jing and Dellaert, Frank and Boots, Byron},
booktitle = {Robotics: Science and Systems},
doi = {10.15607/rss.2017.xiii.025},
file = {:home/mspahn/phd/research/lib/paper/Mukadam et al.{\_}2017{\_}Simultaneous trajectory estimation and planning via probabilistic inference.pdf:pdf},
isbn = {9780992374730},
issn = {2330765X},
publisher = {MIT Press Journals},
title = {{Simultaneous trajectory estimation and planning via probabilistic inference}},
volume = {13},
year = {2017}
}
@inproceedings{Ogren2000,
author = {Ogren, P. and Egerstedt, M. and Hu, X.},
booktitle = {Proceedings - IEEE International Conference on Robotics and Automation},
doi = {10.1109/robot.2000.845267},
file = {:home/mspahn/phd/research/lib/paper/Ogren, Egerstedt, Hu{\_}2000{\_}Reactive mobile manipulation using dynamic trajectory tracking.pdf:pdf},
issn = {10504729},
pages = {3473--3478},
title = {{Reactive mobile manipulation using dynamic trajectory tracking}},
volume = {4},
year = {2000}
}
@article{Cleveland2017,
author = {Cleveland, Jonas and Thakur, DInesh and Dames, Philip and Phillips, Cody and Kientz, Terry and Daniilidis, Kostas and Bergstrom, John and Kumar, Vijay},
doi = {10.1109/TASE.2016.2631085},
file = {:home/mspahn/phd/research/lib/paper/Cleveland et al.{\_}2017{\_}Automated System for Semantic Object Labeling with Soft-Object Recognition and Dynamic Programming Segmentation.pdf:pdf},
issn = {15455955},
journal = {IEEE Transactions on Automation Science and Engineering},
keywords = {Automation,robot vision systems,robots},
month = {apr},
number = {2},
pages = {820--833},
publisher = {Institute of Electrical and Electronics Engineers Inc.},
title = {{Automated System for Semantic Object Labeling with Soft-Object Recognition and Dynamic Programming Segmentation}},
volume = {14},
year = {2017}
}
@inproceedings{Yamazaki2009,
author = {Yamazaki, Kimitoshi and Inaba, Masayuki},
booktitle = {2009 IEEE/RSJ International Conference on Intelligent Robots and Systems, IROS 2009},
doi = {10.1109/IROS.2009.5354129},
file = {:home/mspahn/phd/research/lib/paper/Yamazaki, Inaba{\_}2009{\_}Trajectory control of wheeled mobile robots based on virtual manipulators.pdf:pdf},
isbn = {9781424438044},
month = {dec},
pages = {2973--2978},
title = {{Trajectory control of wheeled mobile robots based on virtual manipulators}},
year = {2009}
}
@article{Geraerts2007,
author = {Geraerts, Roland and Overmars, Mark H.},
doi = {10.1177/0278364907079280},
file = {:home/mspahn/phd/research/lib/paper/Geraerts, Overmars{\_}2007{\_}Creating high-quality paths for motion planning.pdf:pdf},
issn = {02783649},
journal = {International Journal of Robotics Research},
keywords = {Motion planning,Path clearance,Path length,Path quality,agv},
mendeley-tags = {agv},
month = {aug},
number = {8},
pages = {845--863},
title = {{Creating high-quality paths for motion planning}},
volume = {26},
year = {2007}
}
@article{Manuelli2019,
archivePrefix = {arXiv},
arxivId = {1903.06684},
author = {Manuelli, Lucas and Gao, Wei and Florence, Peter and Tedrake, Russ},
eprint = {1903.06684},
file = {:home/mspahn/phd/research/lib/paper/Manuelli et al.{\_}2019{\_}kPAM KeyPoint Affordances for Category-Level Robotic Manipulation.pdf:pdf},
month = {mar},
title = {{kPAM: KeyPoint Affordances for Category-Level Robotic Manipulation}},
url = {http://arxiv.org/abs/1903.06684},
year = {2019}
}
@inproceedings{Scholz2011,
author = {Scholz, Jonathan and Chitta, Sachin and Marthi, Bhaskara and Likhachev, Maxim},
booktitle = {Proceedings - IEEE International Conference on Robotics and Automation},
doi = {10.1109/ICRA.2011.5980288},
file = {:home/mspahn/phd/research/lib/paper/Scholz et al.{\_}2011{\_}Cart pushing with a mobile manipulation system Towards navigation with moveable objects.pdf:pdf},
isbn = {9781612843865},
issn = {10504729},
pages = {6115--6120},
title = {{Cart pushing with a mobile manipulation system: Towards navigation with moveable objects}},
year = {2011}
}
@article{Suh1988,
author = {Suh, Suk Hwan and Shin, Kang G.},
doi = {10.1109/56.794},
file = {:home/mspahn/phd/research/lib/paper/Suh, Shin{\_}1988{\_}A Variational Dynamic Programming Approach to Robot-Path Planning With a Distance-Safety Criterion.pdf:pdf},
issn = {08824967},
journal = {IEEE Journal on Robotics and Automation},
number = {3},
pages = {334--349},
title = {{A Variational Dynamic Programming Approach to Robot-Path Planning With a Distance-Safety Criterion}},
volume = {4},
year = {1988}
}
@inproceedings{Avanzini2015,
author = {Avanzini, Giovanni Buizza and Zanchettin, Andrea Maria and Rocco, Paolo},
booktitle = {IEEE International Conference on Intelligent Robots and Systems},
doi = {10.1109/IROS.2015.7353562},
file = {:home/mspahn/phd/research/lib/paper/Avanzini, Zanchettin, Rocco{\_}2015{\_}Constraint-based Model Predictive Control for holonomic mobile manipulators.pdf:pdf;:home/mspahn/phd/research/lib/paper/Avanzini, Zanchettin, Rocco{\_}2015{\_}Constraint-based Model Predictive Control for holonomic mobile manipulators(2).pdf:pdf},
isbn = {9781479999941},
issn = {21530866},
month = {dec},
pages = {1473--1479},
publisher = {Institute of Electrical and Electronics Engineers Inc.},
title = {{Constraint-based Model Predictive Control for holonomic mobile manipulators}},
volume = {2015-Decem},
year = {2015}
}
@article{Hornung2013,
author = {Hornung, Armin and Wurm, Kai M. and Bennewitz, Maren and Stachniss, Cyrill and Burgard, Wolfram},
doi = {10.1007/s10514-012-9321-0},
file = {:home/mspahn/phd/research/lib/paper/Hornung et al.{\_}2013{\_}OctoMap An efficient probabilistic 3D mapping framework based on octrees.pdf:pdf},
issn = {09295593},
journal = {Autonomous Robots},
keywords = {3D,Mapping,Navigation,Probabilistic},
month = {apr},
number = {3},
pages = {189--206},
title = {{OctoMap: An efficient probabilistic 3D mapping framework based on octrees}},
volume = {34},
year = {2013}
}
@article{Schwarting2019,
author = {Schwarting, Wilko and Pierson, Alyssa and Alonso-Mora, Javier and Karaman, Sertac and Rus, Daniela},
doi = {10.1073/pnas.1820676116},
file = {:home/mspahn/phd/research/lib/paper/Schwarting et al.{\_}2019{\_}Social behavior for autonomous vehicles.pdf:pdf},
issn = {0027-8424},
journal = {Proceedings of the National Academy of Sciences},
keywords = {gameTheory},
mendeley-tags = {gameTheory},
pages = {201820676},
title = {{Social behavior for autonomous vehicles}},
url = {http://www.pnas.org/lookup/doi/10.1073/pnas.1820676116 www.pnas.org/cgi/doi/10.1073/pnas.1820676116},
year = {2019}
}
@inproceedings{Tudico2017,
author = {Tudico, Andrea and Lau, Nuno and Pedrosa, Eurico and Amaral, Filipe and Mazzotti, Claudio and Carricato, Marco},
booktitle = {Lecture Notes in Computer Science (including subseries Lecture Notes in Artificial Intelligence and Lecture Notes in Bioinformatics)},
doi = {10.1007/978-3-319-65340-2_41},
file = {:home/mspahn/phd/research/lib/paper/Tudico et al.{\_}2017{\_}Improving and benchmarking motion planning for a mobile manipulator operating in unstructured environments.pdf:pdf},
isbn = {9783319653396},
issn = {16113349},
month = {sep},
pages = {498--509},
publisher = {Springer Verlag},
title = {{Improving and benchmarking motion planning for a mobile manipulator operating in unstructured environments}},
volume = {10423 LNAI},
year = {2017}
}
@article{Yang2010,
author = {Yang, Yuandong and Brock, Oliver},
doi = {10.1007/s10514-009-9151-x},
file = {:home/mspahn/phd/research/lib/paper/Yang, Brock{\_}2010{\_}Elastic roadmaps-motion generation for autonomous mobile manipulation.pdf:pdf},
issn = {09295593},
journal = {Autonomous Robots},
keywords = {Feedback planning,Hybrid systems for motion,Mobile manipulation,Motion generation,Planning and control},
month = {jan},
number = {1},
pages = {113--130},
publisher = {Springer},
title = {{Elastic roadmaps-motion generation for autonomous mobile manipulation}},
volume = {28},
year = {2010}
}
@inproceedings{VanDenBerg2011,
author = {{Van Den Berg}, Jur and Guy, Stephen J. and Lin, Ming and Manocha, Dinesh},
booktitle = {Springer Tracts in Advanced Robotics},
doi = {10.1007/978-3-642-19457-3{\_}1},
file = {:home/mspahn/phd/research/lib/paper/Van Den Berg et al.{\_}2011{\_}Reciprocal n-body collision avoidance.pdf:pdf},
isbn = {9783642194566},
issn = {16107438},
number = {STAR},
pages = {3--19},
title = {{Reciprocal n-body collision avoidance}},
volume = {70},
year = {2011}
}
@inproceedings{Huh2016,
author = {Huh, Jinwook and Lee, Daniel D.},
booktitle = {Proceedings - IEEE International Conference on Robotics and Automation},
doi = {10.1109/ICRA.2016.7487116},
file = {:home/mspahn/phd/research/lib/paper/Huh, Lee{\_}2016{\_}Learning high-dimensional Mixture Models for fast collision detection in Rapidly-Exploring Random Trees.pdf:pdf},
isbn = {9781467380263},
issn = {10504729},
month = {jun},
pages = {63--69},
publisher = {Institute of Electrical and Electronics Engineers Inc.},
title = {{Learning high-dimensional Mixture Models for fast collision detection in Rapidly-Exploring Random Trees}},
volume = {2016-June},
year = {2016}
}
@article{Wolfslag2018,
archivePrefix = {arXiv},
arxivId = {1710.10122},
author = {Wolfslag, Wouter J. and Bharatheesha, Mukunda and Moerland, Thomas M. and Wisse, Martijn},
doi = {10.1109/LRA.2018.2801470},
eprint = {1710.10122},
file = {:home/mspahn/phd/research/lib/paper/Wolfslag et al.{\_}2018{\_}RRT-CoLearn Towards Kinodynamic Planning Without Numerical Trajectory Optimization.pdf:pdf},
issn = {23773766},
journal = {IEEE Robotics and Automation Letters},
keywords = {Motion and path planning,learning and adaptive systems,optimization and optimal control},
month = {jul},
number = {3},
pages = {1655--1662},
publisher = {Institute of Electrical and Electronics Engineers Inc.},
title = {{RRT-CoLearn: Towards Kinodynamic Planning Without Numerical Trajectory Optimization}},
volume = {3},
year = {2018}
}
@article{Akli2015,
author = {Akli, Isma and Bouzouia, Brahim and Achour, Noura},
doi = {10.1016/j.compeleceng.2015.02.001},
file = {:home/mspahn/phd/research/lib/paper/Akli, Bouzouia, Achour{\_}2015{\_}Motion analysis of a mobile manipulator executing pick-up tasks.pdf:pdf},
issn = {00457906},
journal = {Computers and Electrical Engineering},
keywords = {Manipulability,Mobile manipulator,Optimization,Pick-up task,Trajectory generation},
month = {apr},
pages = {257--269},
publisher = {Elsevier Ltd},
title = {{Motion analysis of a mobile manipulator executing pick-up tasks}},
volume = {43},
year = {2015}
}
@inproceedings{Bonalli2019,
archivePrefix = {arXiv},
arxivId = {1903.00155},
author = {Bonalli, Riccardo and Cauligi, Abhishek and Bylard, Andrew and Pavone, Marco},
booktitle = {Proceedings - IEEE International Conference on Robotics and Automation},
doi = {10.1109/ICRA.2019.8794205},
eprint = {1903.00155},
file = {:home/mspahn/phd/research/lib/paper/Bonalli et al.{\_}2019{\_}GuSTO Guaranteed sequential trajectory optimization via sequential convex programming.pdf:pdf},
isbn = {9781538660263},
issn = {10504729},
month = {may},
pages = {6741--6747},
publisher = {Institute of Electrical and Electronics Engineers Inc.},
title = {{GuSTO: Guaranteed sequential trajectory optimization via sequential convex programming}},
volume = {2019-May},
year = {2019}
}
@article{Rueckert2016,
author = {Rueckert, Elmar and Kappel, David and Tanneberg, Daniel and Pecevski, Dejan and Peters, Jan},
doi = {10.1038/srep21142},
file = {:home/mspahn/phd/research/lib/paper/Rueckert et al.{\_}2016{\_}Recurrent Spiking Networks Solve Planning Tasks.pdf:pdf},
issn = {20452322},
journal = {Scientific Reports},
number = {February},
pages = {1--10},
publisher = {Nature Publishing Group},
title = {{Recurrent Spiking Networks Solve Planning Tasks}},
volume = {6},
year = {2016}
}
@article{Ding2018,
author = {Ding, Liang and Xia, Kerui and Gao, Haibo and Liu, Guangjun and Deng, Zongquan},
doi = {10.1017/S0263574717000200},
file = {:home/mspahn/phd/research/lib/paper/Ding et al.{\_}2018{\_}Robust adaptive control of door opening by a mobile rescue manipulator based on unknown-force-related constraints estim.pdf:pdf},
issn = {14698668},
journal = {Robotica},
keywords = {Door-opening,Mobile manipulator,Rescue task,Robust adaptive control,Unknown-force-related constraints estimation},
number = {1},
pages = {119--140},
publisher = {Cambridge University Press},
title = {{Robust adaptive control of door opening by a mobile rescue manipulator based on unknown-force-related constraints estimation}},
url = {https://doi.org/10.1017/S0263574717000200},
volume = {36},
year = {2018}
}
@misc{Avanzini2018,
author = {{Buizza Avanzini}, Giovanni and Zanchettin, Andrea Maria and Rocco, Paolo},
booktitle = {Robotica},
doi = {10.1017/S0263574717000133},
file = {:home/mspahn/phd/research/lib/paper/Avanzini, Zanchettin, Rocco{\_}2018{\_}Constrained model predictive control for mobile robotic manipulators.pdf:pdf},
issn = {14698668},
keywords = {Control of robotic systems,Mobile manipulators,Motion planning,Navigation,Predictive control,Redundant manipulators},
number = {1},
pages = {19--38},
publisher = {Cambridge University Press},
title = {{Constrained model predictive control for mobile robotic manipulators}},
url = {https://doi.org/10.1017/S0263574717000133},
volume = {36},
year = {2018}
}
@inproceedings{Sadigh,
author = {Sadigh, Dorsa and Sastry, Shankar and Seshia, Sanjit A and Dragan, Anca D},
booktitle = {Robotics: Science and Systems},
doi = {10.15607/rss.2016.xii.029},
file = {:home/mspahn/phd/research/lib/paper/Sadigh et al.{\_}2016{\_}Planning for autonomous cars that leverage effects on human actions.pdf:pdf},
isbn = {9780992374723},
issn = {2330765X},
title = {{Planning for autonomous cars that leverage effects on human actions}},
volume = {12},
year = {2016}
}
@article{Haddad2007,
author = {Haddad, M. and Chettibi, T. and Hanchi, S. and Lehtihet, H. E.},
doi = {10.1016/j.euromechsol.2006.10.001},
file = {:home/mspahn/phd/research/lib/paper/Haddad et al.{\_}2007{\_}A random-profile approach for trajectory planning of wheeled mobile robots(2).pdf:pdf},
issn = {09977538},
journal = {European Journal of Mechanics, A/Solids},
keywords = {Stochastic optimization,Trajectory planning,Wheeled mobile robot},
month = {may},
number = {3},
pages = {519--540},
title = {{A random-profile approach for trajectory planning of wheeled mobile robots}},
volume = {26},
year = {2007}
}
@inproceedings{Shin2003,
author = {Shin, Dong Hun and Hamner, Bradley S. and Singh, Sanjiv and Hwangbo, Myung},
booktitle = {IEEE International Conference on Intelligent Robots and Systems},
doi = {10.1109/iros.2003.1250735},
file = {:home/mspahn/phd/research/lib/paper/Shin et al.{\_}2003{\_}Motion Planning for a Mobile Manipulator with Imprecise Locomotion.pdf:pdf},
pages = {847--853},
title = {{Motion Planning for a Mobile Manipulator with Imprecise Locomotion}},
volume = {1},
year = {2003}
}
@article{Jin2017,
author = {Jin, Long and Li, Shuai and La, Hung Manh and Luo, Xin},
doi = {10.1109/TIE.2017.2674624},
file = {:home/mspahn/phd/research/lib/paper/Jin et al.{\_}2017{\_}Manipulability Optimization of Redundant Manipulators Using Dynamic Neural Networks.pdf:pdf},
issn = {02780046},
journal = {IEEE Transactions on Industrial Electronics},
keywords = {Dynamic neural network,kinematic control,manipulability optimization,redundancy resolution},
month = {jun},
number = {6},
pages = {4710--4720},
publisher = {Institute of Electrical and Electronics Engineers Inc.},
title = {{Manipulability Optimization of Redundant Manipulators Using Dynamic Neural Networks}},
volume = {64},
year = {2017}
}
@article{Friston2008,
author = {Friston, K. J. and Trujillo-Barreto, N. and Daunizeau, J.},
doi = {10.1016/j.neuroimage.2008.02.054},
file = {:home/mspahn/phd/research/lib/paper/Friston, Trujillo-Barreto, Daunizeau{\_}2008{\_}DEM A variational treatment of dynamic systems.pdf:pdf},
issn = {10538119},
journal = {NeuroImage},
keywords = {Action,Bayesian filtering,Dynamic expectation maximisation,Dynamical systems,Free energy,Nonlinear,Variational Bayes,Variational filtering},
month = {jul},
number = {3},
pages = {849--885},
publisher = {Academic Press},
title = {{DEM: A variational treatment of dynamic systems}},
volume = {41},
year = {2008}
}
@article{Mohanta2019,
author = {Mohanta, J. C. and Keshari, Anupam},
doi = {10.1016/j.asoc.2019.03.055},
file = {:home/mspahn/phd/research/lib/paper/Mohanta, Keshari{\_}2019{\_}A knowledge based fuzzy-probabilistic roadmap method for mobile robot navigation.pdf:pdf},
issn = {15684946},
journal = {Applied Soft Computing Journal},
keywords = {Fuzzy control system,Knowledge base,Mobile robot,Obstacle avoidance,Probabilistic roadmap method,Target seeking},
month = {jun},
pages = {391--409},
publisher = {Elsevier Ltd},
title = {{A knowledge based fuzzy-probabilistic roadmap method for mobile robot navigation}},
volume = {79},
year = {2019}
}
@article{Hank2016,
author = {Hank, Madjid and Haddad, Moussa},
doi = {10.1016/j.robot.2016.09.009},
file = {:home/mspahn/phd/research/lib/paper/Hank, Haddad{\_}2016{\_}A hybrid approach for autonomous navigation of mobile robots in partially-known environments.pdf:pdf},
issn = {09218890},
journal = {Robotics and Autonomous Systems},
keywords = {Fuzzy logic,Hybrid navigation,Mobile robots,Reactive navigation,Trajectory planning,Trajectory tracking},
month = {dec},
pages = {113--127},
publisher = {Elsevier B.V.},
title = {{A hybrid approach for autonomous navigation of mobile robots in partially-known environments}},
volume = {86},
year = {2016}
}
@inproceedings{Giftthaler2017,
archivePrefix = {arXiv},
arxivId = {1701.08051},
author = {Giftthaler, Markus and Farshidian, Farbod and Sandy, Timothy and Stadelmann, Lukas and Buchli, Jonas},
booktitle = {Proceedings - IEEE International Conference on Robotics and Automation},
doi = {10.1109/ICRA.2017.7989388},
eprint = {1701.08051},
file = {:home/mspahn/phd/research/lib/paper/Giftthaler et al.{\_}2017{\_}Efficient kinematic planning for mobile manipulators with non-holonomic constraints using optimal control.pdf:pdf},
isbn = {9781509046331},
issn = {10504729},
month = {jul},
pages = {3411--3417},
publisher = {Institute of Electrical and Electronics Engineers Inc.},
title = {{Efficient kinematic planning for mobile manipulators with non-holonomic constraints using optimal control}},
url = {https://youtu.be/rVu1L{\_}tPCoM},
year = {2017}
}
@inproceedings{Lehner2015,
author = {Lehner, Peter and Sieverling, Arne and Brock, Oliver},
booktitle = {Proceedings - IEEE International Conference on Robotics and Automation},
doi = {10.1109/ICRA.2015.7139861},
file = {:home/mspahn/phd/research/lib/paper/Lehner, Sieverling, Brock{\_}2015{\_}Incremental, sensor-based motion generation for mobile manipulators in unknown, dynamic environments.pdf:pdf},
issn = {10504729},
month = {jun},
number = {June},
pages = {4761--4767},
publisher = {Institute of Electrical and Electronics Engineers Inc.},
title = {{Incremental, sensor-based motion generation for mobile manipulators in unknown, dynamic environments}},
volume = {2015-June},
year = {2015}
}
@inproceedings{Pilania2015,
author = {Pilania, Vinay and Gupta, Kamal},
booktitle = {IEEE-RAS International Conference on Humanoid Robots},
doi = {10.1109/HUMANOIDS.2014.7041336},
file = {:home/mspahn/phd/research/lib/paper/Pilania, Gupta{\_}2015{\_}A hierarchical and adaptive mobile manipulator planner.pdf:pdf},
isbn = {9781479971749},
issn = {21640580},
month = {feb},
pages = {45--51},
publisher = {IEEE Computer Society},
title = {{A hierarchical and adaptive mobile manipulator planner}},
volume = {2015-Febru},
year = {2015}
}
@article{Balint-Benczedi2019,
archivePrefix = {arXiv},
arxivId = {1911.10079},
author = {B{\'{a}}lint-Bencz{\'{e}}di, Ferenc and Worch, Jan-Hendrik and Nyga, Daniel and Blodow, Nico and Mania, Patrick and M{\'{a}}rton, Zolt{\'{a}}n-Csaba and Beetz, Michael},
eprint = {1911.10079},
file = {:home/mspahn/phd/research/lib/paper/B{\'{a}}lint-Bencz{\'{e}}di et al.{\_}2019{\_}RoboSherlock Cognition-enabled Robot Perception for Everyday Manipulation Tasks.pdf:pdf},
month = {nov},
title = {{RoboSherlock: Cognition-enabled Robot Perception for Everyday Manipulation Tasks}},
url = {http://arxiv.org/abs/1911.10079},
year = {2019}
}
@inproceedings{Mahler2016,
author = {Mahler, Jeffrey and Pokorny, Florian T. and Hou, Brian and Roderick, Melrose and Laskey, Michael and Aubry, Mathieu and Kohlhoff, Kai and Kroger, Torsten and Kuffner, James and Goldberg, Ken},
booktitle = {Proceedings - IEEE International Conference on Robotics and Automation},
doi = {10.1109/ICRA.2016.7487342},
file = {:home/mspahn/phd/research/lib/paper/Mahler et al.{\_}2016{\_}Dex-Net 1.0 A cloud-based network of 3D objects for robust grasp planning using a Multi-Armed Bandit model with corre.pdf:pdf},
isbn = {9781467380263},
issn = {10504729},
month = {jun},
pages = {1957--1964},
publisher = {Institute of Electrical and Electronics Engineers Inc.},
title = {{Dex-Net 1.0: A cloud-based network of 3D objects for robust grasp planning using a Multi-Armed Bandit model with correlated rewards}},
volume = {2016-June},
year = {2016}
}
@article{Kannan2016,
author = {Kannan, Ashwin and Gupta, Prashant and Tiwari, Rishabh and Prasad, Shubham and Khatri, Apurv and Kala, Rahul},
doi = {10.3390/electronics5020016},
file = {:home/mspahn/phd/research/lib/paper/Kannan et al.{\_}2016{\_}Robot motion planning using adaptive hybrid sampling in probabilistic roadmaps.pdf:pdf},
issn = {14505843},
journal = {Electronics},
keywords = {Configuration space,Motion planning,Probabilistic roadmap,Robotics,Sampling-based motion planning},
month = {apr},
number = {2},
pages = {16},
publisher = {University of Banja Luka, Faculty of Electrical Engineering},
title = {{Robot motion planning using adaptive hybrid sampling in probabilistic roadmaps}},
url = {http://www.mdpi.com/2079-9292/5/2/16},
volume = {5},
year = {2016}
}
@inproceedings{Quillen2018,
archivePrefix = {arXiv},
arxivId = {1802.10264},
author = {Quillen, Deirdre and Jang, Eric and Nachum, Ofir and Finn, Chelsea and Ibarz, Julian and Levine, Sergey},
booktitle = {Proceedings - IEEE International Conference on Robotics and Automation},
doi = {10.1109/ICRA.2018.8461039},
eprint = {1802.10264},
file = {:home/mspahn/phd/research/lib/paper/Quillen et al.{\_}2018{\_}Deep reinforcement learning for vision-based robotic grasping A simulated comparative evaluation of off-policy metho.pdf:pdf},
isbn = {9781538630815},
issn = {10504729},
month = {sep},
pages = {6284--6291},
publisher = {Institute of Electrical and Electronics Engineers Inc.},
title = {{Deep reinforcement learning for vision-based robotic grasping: A simulated comparative evaluation of off-policy methods}},
year = {2018}
}
@inproceedings{Canny1988,
address = {New York, New York, USA},
author = {Canny, John},
booktitle = {Proceedings of the Annual ACM Symposium on Theory of Computing},
doi = {10.1145/62212.62257},
file = {:home/mspahn/phd/research/lib/paper/Canny{\_}1988{\_}Some algebraic and geometric computations in PSPACE.pdf:pdf},
isbn = {0897912640},
issn = {07378017},
pages = {460--467},
publisher = {Association for Computing Machinery},
title = {{Some algebraic and geometric computations in PSPACE}},
url = {http://portal.acm.org/citation.cfm?doid=62212.62257},
year = {1988}
}
@inproceedings{Hadfield-Menell2017,
archivePrefix = {arXiv},
arxivId = {1711.02827},
author = {Hadfield-Menell, Dylan and Milli, Smitha and Abbeel, Pieter and Russell, Stuart and Dragan, Anca D},
booktitle = {Advances in Neural Information Processing Systems},
eprint = {1711.02827},
file = {:home/mspahn/phd/research/lib/paper/Hadfield-Menell et al.{\_}2017{\_}Inverse reward design.pdf:pdf},
issn = {10495258},
pages = {6766--6775},
title = {{Inverse reward design}},
volume = {2017-Decem},
year = {2017}
}
@article{Xia2020,
archivePrefix = {arXiv},
arxivId = {1910.14442},
author = {Xia, Fei and Shen, William B. and Li, Chengshu and Kasimbeg, Priya and Tchapmi, Micael Edmond and Toshev, Alexander and Martin-Martin, Roberto and Savarese, Silvio},
doi = {10.1109/lra.2020.2965078},
eprint = {1910.14442},
file = {:home/mspahn/phd/research/lib/paper/Xia et al.{\_}2020{\_}Interactive Gibson Benchmark A Benchmark for Interactive Navigation in Cluttered Environments.pdf:pdf},
issn = {23773766},
journal = {IEEE Robotics and Automation Letters},
month = {oct},
pages = {1--1},
publisher = {Institute of Electrical and Electronics Engineers (IEEE)},
title = {{Interactive Gibson Benchmark: A Benchmark for Interactive Navigation in Cluttered Environments}},
url = {http://arxiv.org/abs/1910.14442},
year = {2020}
}
@article{Cohen2014,
author = {Cohen, Benjamin and Chitta, Sachin and Likhachev, Maxim},
doi = {10.1177/0278364913507983},
file = {:home/mspahn/phd/research/lib/paper/Cohen, Chitta, Likhachev{\_}2014{\_}Single- and dual-arm motion planning with heuristic search.pdf:pdf},
issn = {17413176},
journal = {International Journal of Robotics Research},
keywords = {Heuristic search,Manipulation,Motion planning,Path planning},
number = {2},
pages = {305--320},
publisher = {SAGE Publications Inc.},
title = {{Single- and dual-arm motion planning with heuristic search}},
volume = {33},
year = {2014}
}
@inproceedings{Loizou2003,
author = {Loizou, Savvas G. and Tanner, Herbert G. and Kumar, Vijay and Kyriakopoulos, Kostas J.},
booktitle = {Proceedings of the IEEE Conference on Decision and Control},
doi = {10.1109/cdc.2003.1273070},
file = {:home/mspahn/phd/research/lib/paper/Loizou et al.{\_}2003{\_}Closed Loop Motion Planning and Control for Mobile Robots in Uncertain Environments.pdf:pdf},
issn = {01912216},
keywords = {dynamicPlanning,potentialField},
mendeley-tags = {dynamicPlanning,potentialField},
pages = {2926--2931},
title = {{Closed Loop Motion Planning and Control for Mobile Robots in Uncertain Environments}},
volume = {3},
year = {2003}
}
@inproceedings{Khambhaita2017,
author = {Khambhaita, Harmish and Alami, Rachid},
booktitle = {RO-MAN 2017 - 26th IEEE International Symposium on Robot and Human Interactive Communication},
doi = {10.1109/ROMAN.2017.8172447},
file = {:home/mspahn/phd/research/lib/paper/Khambhaita, Alami{\_}2017{\_}Assessing the social criteria for human-robot collaborative navigation A comparison of human-aware navigation pla.pdf:pdf},
isbn = {9781538635186},
month = {dec},
pages = {1140--1145},
publisher = {Institute of Electrical and Electronics Engineers Inc.},
title = {{Assessing the social criteria for human-robot collaborative navigation: A comparison of human-aware navigation planners}},
volume = {2017-Janua},
year = {2017}
}
@article{Boor1999,
author = {Boor, Valerie and Overmars, Mark H. and van der Stappen, A. Frank},
doi = {10.1109/robot.1999.772447},
file = {:home/mspahn/phd/research/lib/paper/Boor, Overmars, van der Stappen{\_}1999{\_}Gaussian sampling strategy for probabilistic roadmap planners.pdf:pdf},
issn = {10504729},
journal = {Proceedings - IEEE International Conference on Robotics and Automation},
pages = {1018--1023},
publisher = {IEEE},
title = {{Gaussian sampling strategy for probabilistic roadmap planners}},
volume = {2},
year = {1999}
}
@inproceedings{Mansard2018,
author = {Mansard, N. and Delprete, A. and Geisert, M. and Tonneau, S. and Stasse, O.},
booktitle = {Proceedings - IEEE International Conference on Robotics and Automation},
doi = {10.1109/ICRA.2018.8463154},
file = {:home/mspahn/phd/research/lib/paper/Mansard et al.{\_}2018{\_}Using a Memory of Motion to Efficiently Warm-Start a Nonlinear Predictive Controller.pdf:pdf},
isbn = {9781538630815},
issn = {10504729},
month = {sep},
pages = {2986--2993},
publisher = {Institute of Electrical and Electronics Engineers Inc.},
title = {{Using a Memory of Motion to Efficiently Warm-Start a Nonlinear Predictive Controller}},
year = {2018}
}
@inproceedings{Hsu2003,
author = {Hsu, David and Jiang, Tingting and Reif, John and Sun, Zheng},
booktitle = {Proceedings - IEEE International Conference on Robotics and Automation},
doi = {10.1109/robot.2003.1242285},
file = {:home/mspahn/phd/research/lib/paper/Hsu et al.{\_}2003{\_}The bridge test for sampling narrow passages with probabilistic roadmap planners.pdf:pdf},
issn = {10504729},
pages = {4420--4426},
title = {{The bridge test for sampling narrow passages with probabilistic roadmap planners}},
volume = {3},
year = {2003}
}
@article{Blomqvist2020,
archivePrefix = {arXiv},
arxivId = {2004.00899},
author = {Blomqvist, Kenneth and Breyer, Michel and Cramariuc, Andrei and F{\"{o}}rster, Julian and Grinvald, Margarita and Tschopp, Florian and Chung, Jen Jen and Ott, Lionel and Nieto, Juan and Siegwart, Roland},
eprint = {2004.00899},
file = {:home/mspahn/phd/research/lib/paper/Blomqvist et al.{\_}2020{\_}Go Fetch Mobile Manipulation in Unstructured Environments.pdf:pdf},
month = {apr},
title = {{Go Fetch: Mobile Manipulation in Unstructured Environments}},
url = {http://arxiv.org/abs/2004.00899},
year = {2020}
}
@inproceedings{Kundu2019,
author = {Kundu, Tanmoy and Saha, Indranil},
booktitle = {Proceedings - IEEE International Conference on Robotics and Automation},
doi = {10.1109/ICRA.2019.8794395},
file = {:home/mspahn/phd/research/lib/paper/Kundu, Saha{\_}2019{\_}Energy-aware temporal logic motion planning for mobile robots.pdf:pdf},
isbn = {9781538660263},
issn = {10504729},
month = {may},
pages = {8599--8605},
publisher = {Institute of Electrical and Electronics Engineers Inc.},
title = {{Energy-aware temporal logic motion planning for mobile robots}},
volume = {2019-May},
year = {2019}
}
@article{Brooks1986,
author = {Brooks, Rodney},
file = {:home/mspahn/phd/research/lib/paper/Brooks{\_}1986{\_}A robost layered control system for a mobile robot.pdf:pdf},
number = {I},
pages = {14--23},
title = {{A robost layered control system for a mobile robot}},
year = {1986}
}
@inproceedings{Chen2019a,
archivePrefix = {arXiv},
arxivId = {1809.08835},
author = {Chen, Changan and Liu, Yuejiang and Kreiss, Sven and Alahi, Alexandre},
booktitle = {Proceedings - IEEE International Conference on Robotics and Automation},
doi = {10.1109/ICRA.2019.8794134},
eprint = {1809.08835},
file = {:home/mspahn/phd/research/lib/paper/Chen et al.{\_}2019{\_}Crowd-robot interaction Crowd-aware robot navigation with attention-based deep reinforcement learning.pdf:pdf},
isbn = {9781538660263},
issn = {10504729},
month = {may},
pages = {6015--6022},
publisher = {Institute of Electrical and Electronics Engineers Inc.},
title = {{Crowd-robot interaction: Crowd-aware robot navigation with attention-based deep reinforcement learning}},
volume = {2019-May},
year = {2019}
}
@article{Gao2019,
archivePrefix = {arXiv},
arxivId = {1909.06980},
author = {Gao, Wei and Tedrake, Russ},
eprint = {1909.06980},
file = {:home/mspahn/phd/research/lib/paper/Gao, Tedrake{\_}2019{\_}kPAM-SC Generalizable Manipulation Planning using KeyPoint Affordance and Shape Completion.pdf:pdf},
month = {sep},
title = {{kPAM-SC: Generalizable Manipulation Planning using KeyPoint Affordance and Shape Completion}},
url = {http://arxiv.org/abs/1909.06980},
year = {2019}
}
@article{Khatib1987,
author = {Khatib, Oussama},
doi = {10.1109/JRA.1987.1087068},
file = {:home/mspahn/phd/research/lib/paper/Khatib{\_}1987{\_}A Unified Approach for Motion and Force Control of Robot Manipulators The Operational Space Formulation.pdf:pdf},
issn = {08824967},
journal = {IEEE Journal on Robotics and Automation},
number = {1},
pages = {43--53},
title = {{A Unified Approach for Motion and Force Control of Robot Manipulators: The Operational Space Formulation}},
volume = {3},
year = {1987}
}
@inproceedings{Quinlan1993,
author = {Quinlan, Sean and Khatib, Oussama},
booktitle = {Proceedings - IEEE International Conference on Robotics and Automation},
doi = {10.1109/robot.1993.291936},
file = {:home/mspahn/phd/research/lib/paper/Quinlan, Khatib{\_}1993{\_}Elastic bands. Connecting path planning and control.pdf:pdf},
isbn = {0818634529},
issn = {10504729},
pages = {802--807},
publisher = {Publ by IEEE},
title = {{Elastic bands. Connecting path planning and control}},
volume = {2},
year = {1993}
}
@article{Liu2017,
author = {Liu, Sikang and Watterson, Michael and Mohta, Kartik and Sun, Ke and Bhattacharya, Subhrajit and Taylor, Camillo J. and Kumar, Vijay},
doi = {10.1109/LRA.2017.2663526},
file = {:home/mspahn/phd/research/lib/paper/Liu et al.{\_}2017{\_}Planning dynamically feasible trajectories for quadrotors using safe flight corridors in 3-D complex environments.pdf:pdf},
issn = {23773766},
journal = {IEEE Robotics and Automation Letters},
keywords = {Aerial robotics,autonomous vehicle navigation,motion and path planning},
month = {jul},
number = {3},
pages = {1688--1695},
publisher = {Institute of Electrical and Electronics Engineers Inc.},
title = {{Planning dynamically feasible trajectories for quadrotors using safe flight corridors in 3-D complex environments}},
volume = {2},
year = {2017}
}
@inproceedings{Nikou2017a,
archivePrefix = {arXiv},
arxivId = {1705.01426},
author = {Nikou, Alexandres and Verginis, Christos and Heshmati-Alamdari, Shahab and Dimarogonas, Dimos V.},
booktitle = {2017 25th Mediterranean Conference on Control and Automation, MED 2017},
doi = {10.1109/MED.2017.7984201},
eprint = {1705.01426},
file = {:home/mspahn/phd/research/lib/paper/Nikou et al.{\_}2017{\_}A Nonlinear Model Predictive Control scheme for cooperative manipulation with singularity and collision avoidance(2).pdf:pdf},
isbn = {9781509045334},
month = {jul},
pages = {707--712},
publisher = {Institute of Electrical and Electronics Engineers Inc.},
title = {{A Nonlinear Model Predictive Control scheme for cooperative manipulation with singularity and collision avoidance}},
year = {2017}
}
@inproceedings{Alahi2016,
author = {Alahi, Alexandre and Goel, Kratarth and Ramanathan, Vignesh and Robicquet, Alexandre and Fei-Fei, Li and Savarese, Silvio},
booktitle = {Proceedings of the IEEE Computer Society Conference on Computer Vision and Pattern Recognition},
doi = {10.1109/CVPR.2016.110},
file = {:home/mspahn/phd/research/lib/paper/Alahi et al.{\_}2016{\_}Social LSTM Human trajectory prediction in crowded spaces.pdf:pdf},
isbn = {9781467388504},
issn = {10636919},
month = {dec},
pages = {961--971},
publisher = {IEEE Computer Society},
title = {{Social LSTM: Human trajectory prediction in crowded spaces}},
volume = {2016-Decem},
year = {2016}
}
@inproceedings{Mehta2016,
author = {Mehta, Dhanvin and Ferrer, Gonzalo and Olson, Edwin},
booktitle = {IEEE International Conference on Intelligent Robots and Systems},
doi = {10.1109/IROS.2016.7759200},
file = {:home/mspahn/phd/research/lib/paper/Mehta, Ferrer, Olson{\_}2016{\_}Autonomous navigation in dynamic social environments using multi-policy decision making.pdf:pdf},
isbn = {9781509037629},
issn = {21530866},
month = {nov},
pages = {1190--1197},
publisher = {Institute of Electrical and Electronics Engineers Inc.},
title = {{Autonomous navigation in dynamic social environments using multi-policy decision making}},
volume = {2016-Novem},
year = {2016}
}
@inproceedings{Mahler2018,
archivePrefix = {arXiv},
arxivId = {1709.06670},
author = {Mahler, Jeffrey and Matl, Matthew and Liu, Xinyu and Li, Albert and Gealy, David and Goldberg, Ken},
booktitle = {Proceedings - IEEE International Conference on Robotics and Automation},
doi = {10.1109/ICRA.2018.8460887},
eprint = {1709.06670},
file = {:home/mspahn/phd/research/lib/paper/Mahler et al.{\_}2018{\_}Dex-Net 3.0 Computing Robust Vacuum Suction Grasp Targets in Point Clouds Using a New Analytic Model and Deep Learnin.pdf:pdf},
isbn = {9781538630815},
issn = {10504729},
month = {sep},
pages = {5620--5627},
publisher = {Institute of Electrical and Electronics Engineers Inc.},
title = {{Dex-Net 3.0: Computing Robust Vacuum Suction Grasp Targets in Point Clouds Using a New Analytic Model and Deep Learning}},
year = {2018}
}
@inproceedings{Chen2017a,
archivePrefix = {arXiv},
arxivId = {1609.07845},
author = {Chen, Yu Fan and Liu, Miao and Everett, Michael and How, Jonathan P.},
booktitle = {Proceedings - IEEE International Conference on Robotics and Automation},
doi = {10.1109/ICRA.2017.7989037},
eprint = {1609.07845},
file = {:home/mspahn/phd/research/lib/paper/Chen et al.{\_}2017{\_}Decentralized non-communicating multiagent collision avoidance with deep reinforcement learning.pdf:pdf},
isbn = {9781509046331},
issn = {10504729},
month = {jul},
pages = {285--292},
publisher = {Institute of Electrical and Electronics Engineers Inc.},
title = {{Decentralized non-communicating multiagent collision avoidance with deep reinforcement learning}},
year = {2017}
}
@inproceedings{Khatib1985,
author = {Khatib, O.},
booktitle = {Proceedings - IEEE International Conference on Robotics and Automation},
doi = {10.1109/ROBOT.1985.1087247},
file = {:home/mspahn/phd/research/lib/paper/Khatib{\_}1985{\_}Real-time obstacle avoidance for manipulators and mobile robots.pdf:pdf},
isbn = {0818606150},
issn = {10504729},
pages = {500--505},
publisher = {Institute of Electrical and Electronics Engineers Inc.},
title = {{Real-time obstacle avoidance for manipulators and mobile robots}},
year = {1985}
}
@article{Hichri2019,
author = {Hichri, B. and Fauroux, J. C. and Adouane, L. and Doroftei, I. and Mezouar, Y.},
doi = {10.1016/j.rcim.2019.01.002},
file = {:home/mspahn/phd/research/lib/paper/Hichri et al.{\_}2019{\_}Design of cooperative mobile robots for co-manipulation and transportation tasks.pdf:pdf},
issn = {07365845},
journal = {Robotics and Computer-Integrated Manufacturing},
keywords = {Cooperative mobile robots,Design of lifting mechanisms,Object manipulation and transportation},
month = {jun},
pages = {412--421},
publisher = {Elsevier Ltd},
title = {{Design of cooperative mobile robots for co-manipulation and transportation tasks}},
volume = {57},
year = {2019}
}
@book{Fernandez2019,
archivePrefix = {arXiv},
arxivId = {arXiv:1011.1669v3},
author = {Fernandez, Jose L. JL and Hernandez, Carlos},
doi = {10.1017/CBO9781107415324.004},
eprint = {arXiv:1011.1669v3},
file = {:home/mspahn/phd/research/lib/paper/Fernandez, Hernandez{\_}2019{\_}Practical Model-Based Systems Engineering.pdf:pdf},
isbn = {9789896540821},
issn = {00223530},
number = {1},
pmid = {25246403},
title = {{Practical Model-Based Systems Engineering}},
url = {https://books.google.com/books?hl=en{\&}lr={\&}id=8VyzDwAAQBAJ{\&}oi=fnd{\&}pg=PR1{\&}dq=practical+model-based+systems+engineering{\&}ots=yfPhRYpZTm{\&}sig=yUH4tDnL7rdghNlLBg4c6qI870s http://dx.doi.org/10.1016/j.jsames.2011.03.003{\%}0Ahttps://doi.org/10.1016/j.gr.2017.08.001{\%}0A},
year = {2019}
}
@article{Schaal2003,
author = {Schaal, Stefan and Peters, Jan and Nakanishi, Jun},
file = {:home/mspahn/phd/research/lib/paper/Schaal, Peters, Nakanishi{\_}2003{\_}Control, planning, learning, and imitation with dynamic movement primitives.pdf:pdf},
journal = {Neuroscience},
keywords = {imitationLearning,policy,reinforcementLearning},
mendeley-tags = {imitationLearning,policy,reinforcementLearning},
pages = {1--21},
title = {{Control, planning, learning, and imitation with dynamic movement primitives}},
url = {http://scholar.google.com/scholar?hl=en{\&}btnG=Search{\&}q=intitle:Control+,+Planning+,+Learning+,+and+Imitation+with+Dynamic+Movement+Primitives{\#}1},
year = {2003}
}
@article{Pilania2018,
author = {Pilania, Vinay and Gupta, Kamal},
doi = {10.1177/0278364918754677},
file = {:home/mspahn/phd/research/lib/paper/Pilania, Gupta{\_}2018{\_}Mobile manipulator planning under uncertainty in unknown environments.pdf:pdf},
issn = {17413176},
journal = {International Journal of Robotics Research},
keywords = {Planning under uncertainty,autonomous mobile manipulation,exploration,pick-and-place,unknown environment},
month = {feb},
number = {2-3},
pages = {316--339},
title = {{Mobile manipulator planning under uncertainty in unknown environments}},
url = {http://journals.sagepub.com/doi/10.1177/0278364918754677},
volume = {37},
year = {2018}
}
@article{Garcia-Garcia2017,
archivePrefix = {arXiv},
arxivId = {1704.06857},
author = {Garcia-Garcia, Alberto and Orts-Escolano, Sergio and Oprea, Sergiu and Villena-Martinez, Victor and Garcia-Rodriguez, Jose},
eprint = {1704.06857},
file = {:home/mspahn/phd/research/lib/paper/Garcia-Garcia et al.{\_}2017{\_}A Review on Deep Learning Techniques Applied to Semantic Segmentation.pdf:pdf},
month = {apr},
title = {{A Review on Deep Learning Techniques Applied to Semantic Segmentation}},
url = {http://arxiv.org/abs/1704.06857},
year = {2017}
}
@article{Berscheid2019,
archivePrefix = {arXiv},
arxivId = {1907.11035},
author = {Berscheid, Lars and Mei{\ss}ner, Pascal and Kr{\"{o}}ger, Torsten},
eprint = {1907.11035},
file = {:home/mspahn/phd/research/lib/paper/Berscheid, Mei{\ss}ner, Kr{\"{o}}ger{\_}2019{\_}Robot Learning of Shifting Objects for Grasping in Cluttered Environments.pdf:pdf},
month = {jul},
title = {{Robot Learning of Shifting Objects for Grasping in Cluttered Environments}},
url = {http://arxiv.org/abs/1907.11035},
year = {2019}
}
@article{Akli2019,
author = {Akli, Isma},
doi = {10.1007/s13369-019-03929-0},
file = {:home/mspahn/phd/research/lib/paper/Akli{\_}2019{\_}Experimental Analysis of the Performance of Mobile Manipulators Executing Generalized Point-to-Point Tasks.pdf:pdf},
issn = {21914281},
journal = {Arabian Journal for Science and Engineering},
keywords = {Experimentation,Generalized task execution,Mobile manipulator,Point-to-point task,Trajectory planning},
publisher = {Springer Verlag},
title = {{Experimental Analysis of the Performance of Mobile Manipulators Executing Generalized Point-to-Point Tasks}},
year = {2019}
}

@InProceedings{Thakar2018a,
  author    = {Thakar, Shantanu and Fang, Liwei and Shah, Brual and Gupta, Satyandra},
  title     = {{Towards Time-Optimal Trajectory Planning for Pick-and-Transport Operation with a Mobile Manipulator}},
  booktitle = {IEEE International Conference on Automation Science and Engineering},
  year      = {2018},
  volume    = {2018-Augus},
  pages     = {981--987},
  month     = {dec},
  publisher = {IEEE Computer Society},
  doi       = {10.1109/COASE.2018.8560446},
  file      = {:home/mspahn/phd/research/lib/paper/Thakar et al.{\_}2018{\_}Towards Time-Optimal Trajectory Planning for Pick-and-Transport Operation with a Mobile Manipulator.pdf:pdf},
  isbn      = {9781538635933},
  issn      = {21618089},
}
@inproceedings{Haddad2005,
author = {Haddad, M. and Chettibi, T. and Hanchi, S. and Lehtihet, H. E.},
booktitle = {IFAC Proceedings Volumes (IFAC-PapersOnline)},
doi = {10.3182/20050703-6-cz-1902.01321},
file = {:home/mspahn/phd/research/lib/paper/Haddad et al.{\_}2005{\_}A new approach for minimum time motion planning problem of wheeled mobile robots.pdf:pdf},
isbn = {008045108X},
issn = {14746670},
keywords = {Minmum time,Mobile robot,Stochastic optimization,Trajectory planmng},
pages = {307--312},
title = {{A new approach for minimum time motion planning problem of wheeled mobile robots}},
volume = {16},
year = {2005}
}
@inproceedings{Alonso-Mora2012a,
author = {Alonso-Mora, Javier and Breitenmoser, Andreas and Rufli, Martin and Beardsley, Paul and Siegwart, Roland},
booktitle = {Springer Tracts in Advanced Robotics},
doi = {10.1007/978-3-642-32723-0{\_}15},
file = {:home/mspahn/phd/research/lib/paper/Alonso-Mora et al.{\_}2012{\_}Optimal Reciprocal Collision Avoidance for Multiple Non-Holonomic Robots.pdf:pdf},
isbn = {9783642327223},
issn = {16107438},
pages = {203--216},
title = {{Optimal Reciprocal Collision Avoidance for Multiple Non-Holonomic Robots}},
url = {http://link.springer.com/10.1007/978-3-642-32723-0{\%}7B{\%}5C{\_}{\%}7D15},
volume = {83 STAR},
year = {2012}
}
@inproceedings{Meeussen2010,
author = {Meeussen, Wim and Wise, Melonee and Glaser, Stuart and Chitta, Sachin and McGann, Conor and Mihelich, Patrick and Marder-Eppstein, Eitan and Muja, Marius and Eruhimov, Victor and Foote, Tully and Hsu, John and Rusu, Radu Bogdan and Marthi, Bhaskara and Bradski, Gary and Konolige, Kurt and Gerkey, Brian and Berger, Eric},
booktitle = {Proceedings - IEEE International Conference on Robotics and Automation},
doi = {10.1109/ROBOT.2010.5509556},
file = {:home/mspahn/phd/research/lib/paper/Meeussen et al.{\_}2010{\_}Autonomous door opening and plugging in with a personal robot.pdf:pdf},
isbn = {9781424450381},
issn = {10504729},
pages = {729--736},
title = {{Autonomous door opening and plugging in with a personal robot}},
year = {2010}
}
@inproceedings{Colombo2019,
author = {Colombo, Raffaele and Gennari, Francesco and Annem, Vivek and Rajendran, Pradeep and Thakar, Shantanu and Bascetta, Luca and Gupta, Satyandra K.},
booktitle = {IEEE International Conference on Automation Science and Engineering},
doi = {10.1109/COASE.2019.8843088},
file = {:home/mspahn/phd/research/lib/paper/Colombo et al.{\_}2019{\_}Parameterized model predictive control of a nonholonomic mobile manipulator A terminal constraint-free approach.pdf:pdf},
isbn = {9781728103556},
issn = {21618089},
month = {aug},
pages = {1437--1442},
publisher = {IEEE Computer Society},
title = {{Parameterized model predictive control of a nonholonomic mobile manipulator: A terminal constraint-free approach}},
volume = {2019-Augus},
year = {2019}
}
@inproceedings{Ashlock2010,
author = {Ashlock, Daniel and Schonfeld, Justin},
booktitle = {2010 IEEE World Congress on Computational Intelligence, WCCI 2010 - 2010 IEEE Congress on Evolutionary Computation, CEC 2010},
doi = {10.1109/CEC.2010.5586239},
file = {:home/mspahn/phd/research/lib/paper/Ashlock, Schonfeld{\_}2010{\_}Evolution for automatic assessment of the difficulty of sokoban boards.pdf:pdf},
isbn = {9781424469109},
title = {{Evolution for automatic assessment of the difficulty of sokoban boards}},
year = {2010}
}
@inproceedings{Wang2019a,
archivePrefix = {arXiv},
arxivId = {1812.04093},
author = {Wang, Fan and Hauser, Kris},
booktitle = {Proceedings - IEEE International Conference on Robotics and Automation},
doi = {10.1109/ICRA.2019.8794049},
eprint = {1812.04093},
file = {:home/mspahn/phd/research/lib/paper/Wang, Hauser{\_}2019{\_}Stable bin packing of non-convex 3D objects with a robot manipulator.pdf:pdf},
isbn = {9781538660263},
issn = {10504729},
month = {may},
pages = {8698--8704},
publisher = {Institute of Electrical and Electronics Engineers Inc.},
title = {{Stable bin packing of non-convex 3D objects with a robot manipulator}},
volume = {2019-May},
year = {2019}
}
@article{Goldhoorn2018,
author = {Goldhoorn, Alex and Garrell, Ana{\'{i}}s and Alqu{\'{e}}zar, Ren{\'{e}} and Sanfeliu, Alberto},
doi = {10.1007/s10514-017-9681-6},
file = {:home/mspahn/phd/research/lib/paper/Goldhoorn et al.{\_}2018{\_}Searching and tracking people with cooperative mobile robots.pdf:pdf},
issn = {15737527},
journal = {Autonomous Robots},
keywords = {Decentralized coordination,Multi-robot coordination,Search-and-track,Urban robotics},
month = {apr},
number = {4},
pages = {739--759},
publisher = {Springer New York LLC},
title = {{Searching and tracking people with cooperative mobile robots}},
volume = {42},
year = {2018}
}
@article{Bayle2003,
author = {Bayle, B. and Renaud, M. and Fourquet, J. Y.},
doi = {10.1023/A:1022361914123},
file = {:home/mspahn/phd/research/lib/paper/Bayle, Renaud, Fourquet{\_}2003{\_}Nonholonomic mobile manipulators Kinematics, velocities and redundancies.pdf:pdf},
issn = {09210296},
journal = {Journal of Intelligent and Robotic Systems: Theory and Applications},
keywords = {Kinematics,Mobile manipulator,Nonholonomy,Redundancies,Velocities},
month = {jan},
number = {1},
pages = {45--63},
title = {{Nonholonomic mobile manipulators: Kinematics, velocities and redundancies}},
volume = {36},
year = {2003}
}

@InProceedings{Thakar2019a,
  author    = {Thakar, Shantanu and Rajendran, Pradeep and Annem, Vivek and Kabir, Ariyan and Gupta, Satyandra},
  title     = {{Accounting for part pose estimation uncertainties during trajectory generation for part pick-up using mobile manipulators}},
  booktitle = {Proceedings - IEEE International Conference on Robotics and Automation},
  year      = {2019},
  volume    = {2019-May},
  pages     = {1329--1336},
  month     = {may},
  publisher = {Institute of Electrical and Electronics Engineers Inc.},
  doi       = {10.1109/ICRA.2019.8793501},
  file      = {:home/mspahn/phd/research/lib/paper/Thakar et al.{\_}2019{\_}Accounting for part pose estimation uncertainties during trajectory generation for part pick-up using mobile manipula.pdf:pdf},
  isbn      = {9781538660263},
  issn      = {10504729},
}
@phdthesis{Floor2018,
author = {Floor, B.C.},
file = {:home/mspahn/phd/research/lib/paper/Floor{\_}2018{\_}Trajectory Optimization for Autonomous Navigation in Dynamic Environments.pdf:pdf;:home/mspahn/phd/research/lib/paper/Floor{\_}2018{\_}Trajectory Optimization for Autonomous Navigation in Dynamic Environments(2).pdf:pdf},
school = {TU Delft},
title = {{Trajectory Optimization for Autonomous Navigation in Dynamic Environments}},
type = {Master Thesis},
year = {2018}
}
@inproceedings{Qureshi2018,
archivePrefix = {arXiv},
arxivId = {1809.10252},
author = {Qureshi, Ahmed H. and Yip, Michael C.},
booktitle = {IEEE International Conference on Intelligent Robots and Systems},
doi = {10.1109/IROS.2018.8593772},
eprint = {1809.10252},
file = {:home/mspahn/phd/research/lib/paper/Qureshi, Yip{\_}2018{\_}Deeply Informed Neural Sampling for Robot Motion Planning.pdf:pdf},
isbn = {9781538680940},
issn = {21530866},
month = {dec},
pages = {6582--6588},
publisher = {Institute of Electrical and Electronics Engineers Inc.},
title = {{Deeply Informed Neural Sampling for Robot Motion Planning}},
year = {2018}
}
@inproceedings{Mataric1995,
author = {Mataric, Maja J. and Nilsson, Martin and Simsarian, Kristian T.},
booktitle = {IEEE International Conference on Intelligent Robots and Systems},
doi = {10.1109/iros.1995.525940},
file = {:home/mspahn/phd/research/lib/paper/Mataric, Nilsson, Simsarian{\_}1995{\_}Cooperative multi-robot box-pushing.pdf:pdf},
pages = {556--561},
publisher = {IEEE},
title = {{Cooperative multi-robot box-pushing}},
volume = {3},
year = {1995}
}
@inproceedings{Bouzoualegh2019,
author = {Bouzoualegh, Samir and Guechi, El Hadi and Zennir, Youcef},
booktitle = {Proceedings of International Conference on Advanced Systems and Emergent Technologies, IC{\_}ASET 2019},
doi = {10.1109/ASET.2019.8870999},
file = {:home/mspahn/phd/research/lib/paper/Bouzoualegh, Guechi, Zennir{\_}2019{\_}Model Predictive Control of a Three Degrees of Freedom Manipulator Robot.pdf:pdf},
isbn = {9781728113173},
keywords = {Feedback linearizatrion,Geometric,Kinetic and Dynamic model,Three dof manipulator arm,predictive control},
month = {mar},
pages = {84--89},
publisher = {Institute of Electrical and Electronics Engineers Inc.},
title = {{Model Predictive Control of a Three Degrees of Freedom Manipulator Robot}},
year = {2019}
}
@article{Pilania2015a,
author = {Pilania, Vinay Kumar},
file = {:home/mspahn/phd/research/lib/paper/Pilania{\_}2015{\_}Safe Motion Planning under Uncertainty for Mobile Manipulators in Unknown Environments.pdf:pdf},
title = {{Safe Motion Planning under Uncertainty for Mobile Manipulators in Unknown Environments}},
year = {2015}
}
@inproceedings{Karaman2011,
author = {Karaman, Sertac and Frazzoli, Emilio},
booktitle = {International Journal of Robotics Research},
doi = {10.1177/0278364911406761},
file = {:home/mspahn/phd/research/lib/paper/Karaman, Frazzoli{\_}2011{\_}Sampling-based algorithms for optimal motion planning.pdf:pdf;:home/mspahn/phd/research/lib/paper/Karaman, Frazzoli{\_}2011{\_}Sampling-based algorithms for optimal motion planning(2).pdf:pdf},
issn = {02783649},
keywords = {Motion planning,Optimal path planning,Random geometric graphs,Sampling-based algorithms,agv},
mendeley-tags = {agv},
month = {jun},
number = {7},
pages = {846--894},
title = {{Sampling-based algorithms for optimal motion planning}},
url = {http://journals.sagepub.com/doi/10.1177/0278364911406761},
volume = {30},
year = {2011}
}
@article{Grinvald2019,
archivePrefix = {arXiv},
arxivId = {1903.00268},
author = {Grinvald, Margarita and Furrer, Fadri and Novkovic, Tonci and Chung, Jen Jen and Cadena, Cesar and Siegwart, Roland and Nieto, Juan},
doi = {10.1109/LRA.2019.2923960},
eprint = {1903.00268},
file = {:home/mspahn/phd/research/lib/paper/Grinvald et al.{\_}2019{\_}Volumetric instance-aware semantic mapping and 3D object discovery.pdf:pdf},
issn = {23773766},
journal = {IEEE Robotics and Automation Letters},
keywords = {RGB-D perception,mapping,object detection,segmentation and categorization},
month = {jul},
number = {3},
pages = {3037--3044},
publisher = {Institute of Electrical and Electronics Engineers Inc.},
title = {{Volumetric instance-aware semantic mapping and 3D object discovery}},
volume = {4},
year = {2019}
}
@article{Mukadam2017,
archivePrefix = {arXiv},
arxivId = {1707.07383},
author = {Mukadam, Mustafa and Dong, Jing and Yan, Xinyan and Dellaert, Frank and Boots, Byron},
doi = {10.1177/0278364918790369},
eprint = {1707.07383},
file = {:home/mspahn/phd/research/lib/paper/Mukadam et al.{\_}2018{\_}Continuous-time Gaussian process motion planning via probabilistic inference.pdf:pdf},
issn = {17413176},
journal = {International Journal of Robotics Research},
keywords = {Gaussian processes,Motion planning,factor graphs,probabilistic inference,trajectory optimization},
month = {jul},
number = {11},
pages = {1319--1340},
title = {{Continuous-time Gaussian process motion planning via probabilistic inference}},
url = {http://arxiv.org/abs/1707.07383 http://dx.doi.org/10.1177/0278364918790369},
volume = {37},
year = {2018}
}
@article{Venkatesan2018,
archivePrefix = {arXiv},
arxivId = {1807.00049},
author = {Venkatesan, Anand and Jain, Atishay and Grewal, Rakesh},
eprint = {1807.00049},
file = {:home/mspahn/phd/research/lib/paper/Venkatesan, Jain, Grewal{\_}2018{\_}AI in Game Playing Sokoban Solver.pdf:pdf},
month = {jun},
title = {{AI in Game Playing: Sokoban Solver}},
url = {http://arxiv.org/abs/1807.00049},
year = {2018}
}
@article{Bruce2017,
archivePrefix = {arXiv},
arxivId = {1711.10137},
author = {Bruce, Jake and Suenderhauf, Niko and Mirowski, Piotr and Hadsell, Raia and Milford, Michael},
eprint = {1711.10137},
file = {:home/mspahn/phd/research/lib/paper/Bruce et al.{\_}2017{\_}One-Shot Reinforcement Learning for Robot Navigation with Interactive Replay.pdf:pdf},
month = {nov},
title = {{One-Shot Reinforcement Learning for Robot Navigation with Interactive Replay}},
url = {http://arxiv.org/abs/1711.10137},
year = {2017}
}
@article{Wang2018,
author = {Wang, Wei and Zuo, Lei and Xu, Xin},
doi = {10.1007/s10846-017-0641-3},
file = {:home/mspahn/phd/research/lib/paper/Wang, Zuo, Xu{\_}2018{\_}A Learning-based Multi-RRT Approach for Robot Path Planning in Narrow Passages.pdf:pdf},
issn = {15730409},
journal = {Journal of Intelligent and Robotic Systems: Theory and Applications},
keywords = {Bridge test,Multi-RRTs,Narrow passages,Path planning,Reinforcement learning},
month = {may},
number = {1-2},
pages = {81--100},
publisher = {Springer Netherlands},
title = {{A Learning-based Multi-RRT Approach for Robot Path Planning in Narrow Passages}},
volume = {90},
year = {2018}
}
@article{Baumann2010,
author = {Baumann, Matthew and L{\'{e}}onard, Simon and Croft, Elizabeth A. and Little, James J.},
doi = {10.1109/TRO.2009.2035745},
file = {:home/mspahn/phd/research/lib/paper/Baumann et al.{\_}2010{\_}Path planning for improved visibility using a probabilistic road map.pdf:pdf},
issn = {15523098},
journal = {IEEE Transactions on Robotics},
keywords = {Computer vision,Path planning for industrial manipulators,Sensor positioning,Visual servoing},
month = {feb},
number = {1},
pages = {195--200},
title = {{Path planning for improved visibility using a probabilistic road map}},
volume = {26},
year = {2010}
}
@article{Persson2014,
author = {Persson, Sven Mikael and Sharf, Inna},
doi = {10.1177/0278364914547786},
file = {:home/mspahn/phd/research/lib/paper/Persson, Sharf{\_}2014{\_}Sampling-based A∗ algorithm for robot path-planning.pdf:pdf},
issn = {17413176},
journal = {International Journal of Robotics Research},
keywords = {RRTA∗,Sampling-based algorithm,high-dimensional planning,motion-planning,optimization,path-planning,probabilistic completeness,robot manipulator,simulated annealing},
month = {nov},
number = {13},
pages = {1683--1708},
publisher = {SAGE Publications Inc.},
title = {{Sampling-based A∗ algorithm for robot path-planning}},
volume = {33},
year = {2014}
}
@article{Berenson2011,
author = {Berenson, Dmitry and Srinivasa, Siddhartha and Kuffner, James},
doi = {10.1177/0278364910396389},
file = {:home/mspahn/phd/research/lib/paper/Berenson, Srinivasa, Kuffner{\_}2011{\_}Task Space Regions A framework for pose-constrained manipulation planning.pdf:pdf},
issn = {02783649},
journal = {International Journal of Robotics Research},
keywords = {Path planning for manipulators,domestic robots,manipulation planning},
month = {oct},
number = {12},
pages = {1435--1460},
title = {{Task Space Regions: A framework for pose-constrained manipulation planning}},
volume = {30},
year = {2011}
}
@inproceedings{Mukadam2016,
author = {Mukadam, Mustafa and Yan, Xinyan and Boots, Byron},
booktitle = {Proceedings - IEEE International Conference on Robotics and Automation},
doi = {10.1109/ICRA.2016.7487091},
file = {:home/mspahn/phd/research/lib/paper/Mukadam, Yan, Boots{\_}2016{\_}Gaussian Process Motion planning.pdf:pdf},
isbn = {9781467380263},
issn = {10504729},
month = {jun},
pages = {9--15},
publisher = {Institute of Electrical and Electronics Engineers Inc.},
title = {{Gaussian Process Motion planning}},
volume = {2016-June},
year = {2016}
}
@article{Chen2019,
archivePrefix = {arXiv},
arxivId = {1910.07882},
author = {Chen, Boyuan and Song, Shuran and Lipson, Hod and Vondrick, Carl},
eprint = {1910.07882},
file = {:home/mspahn/phd/research/lib/paper/Chen et al.{\_}2019{\_}Visual Hide and Seek.pdf:pdf},
month = {oct},
title = {{Visual Hide and Seek}},
url = {http://arxiv.org/abs/1910.07882},
year = {2019}
}
@inproceedings{Lowrey2018,
archivePrefix = {arXiv},
arxivId = {1811.01848},
author = {Lowrey, Kendall and Rajeswaran, Aravind and Kakade, Sham and Todorov, Emanuel and Mordatch, Igor},
booktitle = {7th International Conference on Learning Representations, ICLR 2019},
eprint = {1811.01848},
file = {:home/mspahn/phd/research/lib/paper/Lowrey et al.{\_}2019{\_}Plan online, learn offline Efficient learning and exploration via model-based control.pdf:pdf},
month = {nov},
publisher = {International Conference on Learning Representations, ICLR},
title = {{Plan online, learn offline: Efficient learning and exploration via model-based control}},
url = {http://arxiv.org/abs/1811.01848},
year = {2019}
}
@article{Korayem2015,
author = {Korayem, M. H. and Esfeden, R. Abbasi and Nekoo, S. R.},
doi = {10.1007/s12206-015-0349-x},
file = {:home/mspahn/phd/research/lib/paper/Korayem, Esfeden, Nekoo{\_}2015{\_}Path planning algorithm in wheeled mobile manipulators based on motion of arms.pdf:pdf},
issn = {1738494X},
journal = {Journal of Mechanical Science and Technology},
keywords = {DLCC,Locally path planning,Multiple arms,Non-holonomic constraints,Output feedback linearization,Wheeled mobile robot},
month = {apr},
number = {4},
pages = {1753--1763},
publisher = {Korean Society of Mechanical Engineers},
title = {{Path planning algorithm in wheeled mobile manipulators based on motion of arms}},
volume = {29},
year = {2015}
}
@article{Tanner2003,
author = {Tanner, Herbert G. and Loizou, Savvas G. and Kyriakopoulos, Kostas J.},
doi = {10.1109/TRA.2002.807549},
file = {:home/mspahn/phd/research/lib/paper/Tanner, Loizou, Kyriakopoulos{\_}2003{\_}Nonholonomic navigation and control of cooperating mobile manipulators.pdf:pdf},
issn = {1042296X},
journal = {IEEE Transactions on Robotics and Automation},
keywords = {Cooperative mobile manipulators,Inverse Lyapunov functions,Nonholonomic motion planning,Potential fields,nonholomonic,potentialField},
mendeley-tags = {nonholomonic,potentialField},
month = {feb},
number = {1},
pages = {53--64},
title = {{Nonholonomic navigation and control of cooperating mobile manipulators}},
volume = {19},
year = {2003}
}
@article{Flacco2015,
author = {Flacco, Fabrizio and {De Luca}, Alessandro and Khatib, Oussama},
doi = {10.1109/TRO.2015.2418582},
file = {:home/mspahn/phd/research/lib/paper/Flacco, De Luca, Khatib{\_}2015{\_}Control of Redundant Robots under Hard Joint Constraints Saturation in the Null Space.pdf:pdf},
issn = {15523098},
journal = {IEEE Transactions on Robotics},
keywords = {Hard joint constraints,inverse differential kinematics,motion control,optimal joint velocity,redundant robots,saturation of commands},
month = {jun},
number = {3},
pages = {637--654},
publisher = {Institute of Electrical and Electronics Engineers Inc.},
title = {{Control of Redundant Robots under Hard Joint Constraints: Saturation in the Null Space}},
volume = {31},
year = {2015}
}
@article{Braun2019,
author = {Braun, David J. and Chen, Yuqing and Li, Linfeng},
doi = {10.1109/TRO.2019.2943057},
file = {:home/mspahn/phd/research/lib/paper/Braun, Chen, Li{\_}2019{\_}Operational Space Control Under Actuation Constraints Using Strictly Convex Optimization.pdf:pdf},
issn = {1552-3098},
journal = {IEEE Transactions on Robotics},
keywords = {controller,forceControl},
mendeley-tags = {controller,forceControl},
pages = {1--8},
title = {{Operational Space Control Under Actuation Constraints Using Strictly Convex Optimization}},
url = {https://ieeexplore.ieee.org/document/8897086/},
year = {2019}
}
@inproceedings{Dong2016,
author = {Dong, Jing and Mukadam, Mustafa and Dellaert, Frank and Boots, Byron},
booktitle = {Robotics: Science and Systems},
doi = {10.15607/rss.2016.xii.001},
file = {:home/mspahn/phd/research/lib/paper/Dong et al.{\_}2016{\_}Motion planning as probabilistic inference using Gaussian processes and factor graphs.pdf:pdf},
isbn = {9780992374723},
issn = {2330765X},
publisher = {MIT Press Journals},
title = {{Motion planning as probabilistic inference using Gaussian processes and factor graphs}},
volume = {12},
year = {2016}
}
@article{Amato1998,
author = {Amato, Nancy M and Bayazit, O Burchan and Dale, Lucia K and Jones, Christopher and Vallejo, Daniel},
isbn = {1-56881-081-4},
journal = {Proceedings of the Third Workshop on the Algorithmic Foundations of Robotics on Robotics : The Algorithmic Perspective: The Algorithmic Perspective},
pages = {155--168},
title = {{OBPRM: An Obstacle-Based PRM for 3D Workspaces}},
year = {1998}
}
@inproceedings{Garzon2019a,
author = {Garz{\'{o}}n, Mario and Spalanzani, Anne},
booktitle = {2019 IEEE Intelligent Transportation Systems Conference, ITSC 2019},
doi = {10.1109/ITSC.2019.8917314},
file = {:home/mspahn/phd/research/lib/paper/Garz{\'{o}}n, Spalanzani{\_}2019{\_}Game theoretic decision making for autonomous vehicles' merge manoeuvre in high traffic scenarios.pdf:pdf},
isbn = {9781538670248},
month = {oct},
pages = {3448--3453},
publisher = {Institute of Electrical and Electronics Engineers Inc.},
title = {{Game theoretic decision making for autonomous vehicles' merge manoeuvre in high traffic scenarios}},
year = {2019}
}
@article{Qiu2020,
author = {Qiu, Qiang and Cao, Qixin},
doi = {10.1007/s11370-020-00316-9},
file = {:home/mspahn/phd/research/lib/paper/Qiu, Cao{\_}2020{\_}Motion planning in semistructured environments with teaching roadmaps.pdf:pdf},
issn = {18612784},
journal = {Intelligent Service Robotics},
keywords = {Learning from demonstration,Motion planning,Probabilistic roadmaps,Teaching roadmaps},
title = {{Motion planning in semistructured environments with teaching roadmaps}},
url = {https://doi.org/10.1007/s11370-020-00316-9},
year = {2020}
}
@inproceedings{Chen2017,
archivePrefix = {arXiv},
arxivId = {1703.08862},
author = {Chen, Yu Fan and Everett, Michael and Liu, Miao and How, Jonathan P.},
booktitle = {IEEE International Conference on Intelligent Robots and Systems},
doi = {10.1109/IROS.2017.8202312},
eprint = {1703.08862},
file = {:home/mspahn/phd/research/lib/paper/Chen et al.{\_}2017{\_}Socially aware motion planning with deep reinforcement learning.pdf:pdf},
isbn = {9781538626825},
issn = {21530866},
month = {dec},
pages = {1343--1350},
publisher = {Institute of Electrical and Electronics Engineers Inc.},
title = {{Socially aware motion planning with deep reinforcement learning}},
volume = {2017-Septe},
year = {2017}
}
@article{Fox1997,
author = {Fox, Dieter and Burgard, Wolfram and Thrun, Sebastian},
doi = {10.1109/100.580977},
file = {:home/mspahn/phd/research/lib/paper/Fox, Burgard, Thrun{\_}1997{\_}The dynamic window approach to collision avoidance.pdf:pdf},
issn = {10709932},
journal = {IEEE Robotics and Automation Magazine},
keywords = {Collision avoidance,Mobile robots,Motion dynamics,Reactive motion control},
month = {mar},
number = {1},
pages = {23--33},
title = {{The dynamic window approach to collision avoidance}},
volume = {4},
year = {1997}
}
@inproceedings{Marder-Eppstein2010,
author = {Marder-Eppstein, Eitan and Berger, Eric and Foote, Tully and Gerkey, Brian and Konolige, Kurt},
booktitle = {Proceedings - IEEE International Conference on Robotics and Automation},
doi = {10.1109/ROBOT.2010.5509725},
file = {:home/mspahn/phd/research/lib/paper/Marder-Eppstein et al.{\_}2010{\_}The office marathon Robust navigation in an indoor office environment.pdf:pdf},
isbn = {9781424450381},
issn = {10504729},
pages = {300--307},
title = {{The office marathon: Robust navigation in an indoor office environment}},
year = {2010}
}
@inproceedings{Tian2019,
archivePrefix = {arXiv},
arxivId = {1903.04128},
author = {Tian, Stephen and Ebert, Frederik and Jayaraman, Dinesh and Mudigonda, Mayur and Finn, Chelsea and Calandra, Roberto and Levine, Sergey},
booktitle = {Proceedings - IEEE International Conference on Robotics and Automation},
doi = {10.1109/ICRA.2019.8794219},
eprint = {1903.04128},
file = {:home/mspahn/phd/research/lib/paper/Tian et al.{\_}2019{\_}Manipulation by feel Touch-based control with deep predictive models.pdf:pdf},
isbn = {9781538660263},
issn = {10504729},
month = {may},
pages = {818--824},
publisher = {Institute of Electrical and Electronics Engineers Inc.},
title = {{Manipulation by feel: Touch-based control with deep predictive models}},
volume = {2019-May},
year = {2019}
}
@article{Faroni2019,
author = {Faroni, Marco and Beschi, Manuel and Pedrocchi, Nicola and Visioli, Antonio},
doi = {10.1109/TRO.2018.2871439},
file = {:home/mspahn/phd/research/lib/paper/Faroni et al.{\_}2019{\_}Predictive Inverse Kinematics for Redundant Manipulators with Task Scaling and Kinematic Constraints.pdf:pdf},
issn = {15523098},
journal = {IEEE Transactions on Robotics},
keywords = {Inverse kinematics (IK),model predictive control (MPC),motion planning,redundant robots,task priority,trajectory scaling},
month = {feb},
number = {1},
pages = {278--285},
publisher = {Institute of Electrical and Electronics Engineers Inc.},
title = {{Predictive Inverse Kinematics for Redundant Manipulators with Task Scaling and Kinematic Constraints}},
volume = {35},
year = {2019}
}
@inproceedings{Haddadin2011,
author = {Haddadin, Sami and Belder, Rico and Albu-Sch{\"{a}}ffer, Alin},
booktitle = {IFAC Proceedings Volumes (IFAC-PapersOnline)},
doi = {10.3182/20110828-6-IT-1002.02500},
file = {:home/mspahn/phd/research/lib/paper/Haddadin, Belder, Albu-Sch{\"{a}}ffer{\_}2011{\_}Dynamic motion planning for robots in partially unknown environments.pdf:pdf},
isbn = {9783902661937},
issn = {14746670},
number = {1 PART 1},
pages = {6842--6850},
publisher = {IFAC Secretariat},
title = {{Dynamic motion planning for robots in partially unknown environments}},
volume = {44},
year = {2011}
}
@inproceedings{Kesper2015,
author = {Kesper, Patrick and Berscheid, Lars and W{\"{o}}rg{\"{o}}tter, Florentin and Manoonpong, Poramate},
booktitle = {Lecture Notes in Computer Science (including subseries Lecture Notes in Artificial Intelligence and Lecture Notes in Bioinformatics)},
doi = {10.1007/978-3-319-22416-9_15},
file = {:home/mspahn/phd/research/lib/paper/Kesper et al.{\_}2015{\_}A generic approach to self-localization and mapping of mobile robots without using a kinematic model.pdf:pdf},
isbn = {9783319224152},
issn = {16113349},
keywords = {Hexapod robot,Inertial measurement unit,Laser range finder,Mobile robots,Probabilistic robotics,SLAM},
pages = {136--142},
publisher = {Springer Verlag},
title = {{A generic approach to self-localization and mapping of mobile robots without using a kinematic model}},
volume = {9287},
year = {2015}
}
@article{Hsu2002,
author = {Hsu, David and Kindel, Robert and Latombe, Jean Claude and Rock, Stephen},
doi = {10.1177/027836402320556421},
file = {:home/mspahn/phd/research/lib/paper/Hsu et al.{\_}2002{\_}Randomized kinodynamic motion planning with moving obstacles.pdf:pdf},
issn = {02783649},
journal = {International Journal of Robotics Research},
keywords = {Expansive space,Kinodynamic constraints,Motion planning,Moving obstacles,Probabilistic roadmaps},
month = {mar},
number = {3},
pages = {233--255},
title = {{Randomized kinodynamic motion planning with moving obstacles}},
volume = {21},
year = {2002}
}
@article{Gaz2019,
author = {Gaz, Claudio and Cognetti, Marco and Oliva, Alexander and {Robuffo Giordano}, Paolo and {De Luca}, Alessandro},
doi = {10.1109/lra.2019.2931248},
file = {:home/mspahn/phd/research/lib/paper/Gaz et al.{\_}2019{\_}Dynamic Identification of the Franka Emika Panda Robot With Retrieval of Feasible Parameters Using Penalty-Based Optimiz.pdf:pdf},
issn = {2377-3766},
journal = {IEEE Robotics and Automation Letters},
month = {jul},
number = {4},
pages = {4147--4154},
publisher = {Institute of Electrical and Electronics Engineers (IEEE)},
title = {{Dynamic Identification of the Franka Emika Panda Robot With Retrieval of Feasible Parameters Using Penalty-Based Optimization}},
volume = {4},
year = {2019}
}
@article{Tuncali2019,
archivePrefix = {arXiv},
arxivId = {1903.10629},
author = {Tuncali, Cumhur Erkan and Fainekos, Georgios},
eprint = {1903.10629},
file = {:home/mspahn/phd/research/lib/paper/Tuncali, Fainekos{\_}2019{\_}Rapidly-exploring Random Trees-based Test Generation for Autonomous Vehicles.pdf:pdf},
month = {mar},
title = {{Rapidly-exploring Random Trees-based Test Generation for Autonomous Vehicles}},
url = {http://arxiv.org/abs/1903.10629},
year = {2019}
}
@inproceedings{Hauer2017,
author = {Hauer, Florian and Tsiotras, Panagiotis},
booktitle = {Robotics: Science and Systems},
doi = {10.15607/rss.2017.xiii.008},
file = {:home/mspahn/phd/research/lib/paper/Hauer, Tsiotras{\_}2017{\_}Deformable rapidly-exploring random trees.pdf:pdf},
isbn = {9780992374730},
issn = {2330765X},
title = {{Deformable rapidly-exploring random trees}},
url = {https://www.researchgate.net/publication/319659300},
volume = {13},
year = {2017}
}
@article{Acosta2019,
author = {Acosta, Julio F. and de Rivera, Guillermo Gonz{\'{a}}lez and Andaluz, V{\'{i}}ctor Hugo and Garrido, Javier},
doi = {10.3390/s19204367},
file = {:home/mspahn/phd/research/lib/paper/Acosta et al.{\_}2019{\_}Multirobot heterogeneous control considering secondary objectives.pdf:pdf},
issn = {14248220},
journal = {Sensors (Switzerland)},
keywords = {Control based on linear algebra,Control considering secondary objectives,Cooperative control,Heterogeneous robots},
month = {oct},
number = {20},
pages = {4367},
publisher = {MDPI AG},
title = {{Multirobot heterogeneous control considering secondary objectives}},
url = {https://www.mdpi.com/1424-8220/19/20/4367},
volume = {19},
year = {2019}
}
@article{Alonso-Mora2018,
author = {Alonso-Mora, Javier and DeCastro, Jonathan A. and Raman, Vasumathi and Rus, Daniela and Kress-Gazit, Hadas},
doi = {10.1007/s10514-017-9665-6},
file = {:home/mspahn/phd/research/lib/paper/Alonso-Mora et al.{\_}2018{\_}Reactive mission and motion planning with deadlock resolution avoiding dynamic obstacles.pdf:pdf},
issn = {15737527},
journal = {Autonomous Robots},
keywords = {Deadlock resolution,Dynamic environments,Formal methods,Mission specification,Motion planning,Multi-robot systems},
month = {apr},
number = {4},
pages = {801--824},
publisher = {Springer New York LLC},
title = {{Reactive mission and motion planning with deadlock resolution avoiding dynamic obstacles}},
volume = {42},
year = {2018}
}
@inproceedings{Khaksar2018,
author = {Khaksar, Weria and Uddin, Md Zia and Torresen, Jim},
booktitle = {2018 IEEE International Conference on Robotics and Biomimetics, ROBIO 2018},
doi = {10.1109/ROBIO.2018.8665326},
file = {:home/mspahn/phd/research/lib/paper/Khaksar, Uddin, Torresen{\_}2018{\_}Self-Adjusting Roadmaps A Fast Sampling-Based Path Planning Algorithm for Navigation in Unknown Environmen.pdf:pdf},
isbn = {9781728103761},
month = {jul},
pages = {1094--1101},
publisher = {Institute of Electrical and Electronics Engineers Inc.},
title = {{Self-Adjusting Roadmaps: A Fast Sampling-Based Path Planning Algorithm for Navigation in Unknown Environments}},
year = {2018}
}
@inproceedings{LaValle2004,
author = {LaValle, Steven M. and Branicky, Michael S. and Lindemann, Stephen R.},
booktitle = {International Journal of Robotics Research},
doi = {10.1177/0278364904045481},
file = {:home/mspahn/phd/research/lib/paper/LaValle, Branicky, Lindemann{\_}2004{\_}On the relationship between classical grid search and probabilistic roadmaps.pdf:pdf},
issn = {02783649},
keywords = {Algorithms,Discrepancy,Motion planning,Path planning,Probabilistic roadmaps,Quasi-Monte Carlo,Sampling-based motion planning},
month = {aug},
number = {7-8},
pages = {673--692},
title = {{On the relationship between classical grid search and probabilistic roadmaps}},
url = {http://journals.sagepub.com/doi/10.1177/0278364904045481},
volume = {23},
year = {2004}
}
@article{Moreno2020,
author = {Moreno, Francisco Angel and Monroy, Javier and Ruiz-Sarmiento, Jose Raul and Galindo, Cipriano and Gonzalez-Jimenez, Javier},
doi = {10.3390/s20010240},
file = {:home/mspahn/phd/research/lib/paper/Moreno et al.{\_}2020{\_}Automatic waypoint generation to improve robot navigation through narrow spaces.pdf:pdf},
issn = {14248220},
journal = {Sensors (Switzerland)},
keywords = {Mobile robots,Robot deployment,Robot localization,Robot navigation,Waypoint generation},
month = {dec},
number = {1},
pages = {240},
publisher = {MDPI AG},
title = {{Automatic waypoint generation to improve robot navigation through narrow spaces}},
url = {https://www.mdpi.com/1424-8220/20/1/240},
volume = {20},
year = {2020}
}
@article{Doriya2017,
archivePrefix = {arXiv},
arxivId = {1701.08444},
author = {Doriya, Rajesh and Sao, Paresh and Payal, Vinit and Anand, Vibhav and Chakraborty, Pavan},
eprint = {1701.08444},
file = {:home/mspahn/phd/research/lib/paper/Doriya et al.{\_}2017{\_}A review on cloud robotics based frameworks to solve simultaneous localization and mapping (slam) problem.pdf:pdf},
month = {jan},
title = {{A review on cloud robotics based frameworks to solve simultaneous localization and mapping (slam) problem}},
url = {http://arxiv.org/abs/1701.08444},
year = {2017}
}
@inproceedings{Taylor2011,
author = {Taylor, Joshua and Parberry, Ian},
booktitle = {6th International North-American Conference on Intelligent Games and Simulation 2011, Game-On 'NA 2009, 3rd International North American Simulation Technology Conference, NASTEC 2011},
file = {:home/mspahn/phd/research/lib/paper/Taylor, Parberry{\_}2011{\_}Procedural generation of sokoban levels.pdf:pdf},
keywords = {Procedural generation,Puzzle,Sokoban},
pages = {5--12},
title = {{Procedural generation of sokoban levels}},
year = {2011}
}
@article{Costanzo2018,
author = {Costanzo, Marco and {De Maria}, Giuseppe and Lettera, Gaetano and Natale, Ciro and Pirozzi, Salvatore},
doi = {10.3390/robotics7040076},
file = {:home/mspahn/phd/research/lib/paper/Costanzo et al.{\_}2018{\_}Motion planning and reactive control algorithms for object manipulation in uncertain conditions.pdf:pdf},
issn = {22186581},
journal = {Robotics},
keywords = {Force control,Grasping,Object recognition,Obstacle avoidance,Reactive robot control,Robot motion planning},
month = {nov},
number = {4},
pages = {76},
title = {{Motion planning and reactive control algorithms for object manipulation in uncertain conditions}},
url = {http://www.mdpi.com/2218-6581/7/4/76},
volume = {7},
year = {2018}
}
@article{Kappler2018,
archivePrefix = {arXiv},
arxivId = {1703.03512},
author = {Kappler, Daniel and Meier, Franziska and Issac, Jan and Mainprice, Jim and Cifuentes, Cristina Garcia and Wuthrich, Manuel and Berenz, Vincent and Schaal, Stefan and Ratliff, Nathan and Bohg, Jeannette},
doi = {10.1109/LRA.2018.2795645},
eprint = {1703.03512},
file = {:home/mspahn/phd/research/lib/paper/Kappler et al.{\_}2018{\_}Real-time perception meets reactive motion generation.pdf:pdf},
issn = {23773766},
journal = {IEEE Robotics and Automation Letters},
keywords = {Reactive and sensor-based planning,perception for grasping and manipulation,sensor-based control},
month = {jul},
number = {3},
pages = {1864--1871},
publisher = {Institute of Electrical and Electronics Engineers Inc.},
title = {{Real-time perception meets reactive motion generation}},
volume = {3},
year = {2018}
}
@book{Ichikawa1985,
author = {Ichikawa, Yoshiaki and Ozaki, Norihoko},
booktitle = {Journal of Robotic Systems},
doi = {10.1016/s1474-6670(17)54619-4},
file = {:home/mspahn/phd/research/lib/paper/Ichikawa, Ozaki{\_}1985{\_}Autonomous Mobile Robot.pdf:pdf},
isbn = {026219502X},
issn = {07412223},
number = {1},
pages = {135--144},
title = {{Autonomous Mobile Robot.}},
volume = {2},
year = {1985}
}
@inproceedings{Schmitt2017,
author = {Schmitt, Philipp S. and Neubauer, Werner and Feiten, Wendelin and Wurm, Kai M. and Wichert, Georg V. and Burgard, Wolfram},
booktitle = {Proceedings - IEEE International Conference on Robotics and Automation},
doi = {10.1109/ICRA.2017.7989390},
file = {:home/mspahn/phd/research/lib/paper/Schmitt et al.{\_}2017{\_}Optimal, sampling-based manipulation planning.pdf:pdf},
isbn = {9781509046331},
issn = {10504729},
month = {jul},
pages = {3426--3432},
publisher = {Institute of Electrical and Electronics Engineers Inc.},
title = {{Optimal, sampling-based manipulation planning}},
year = {2017}
}
@inproceedings{Mahler2017,
archivePrefix = {arXiv},
arxivId = {1703.09312},
author = {Mahler, Jeffrey and Liang, Jacky and Niyaz, Sherdil and Laskey, Michael and Doan, Richard and Liu, Xinyu and Ojea, Juan Aparicio and Goldberg, Ken},
booktitle = {Robotics: Science and Systems},
doi = {10.15607/rss.2017.xiii.058},
eprint = {1703.09312},
file = {:home/mspahn/phd/research/lib/paper/Mahler et al.{\_}2017{\_}Dex-Net 2.0 Deep learning to plan Robust grasps with synthetic point clouds and analytic grasp metrics.pdf:pdf},
isbn = {9780992374730},
issn = {2330765X},
publisher = {MIT Press Journals},
title = {{Dex-Net 2.0: Deep learning to plan Robust grasps with synthetic point clouds and analytic grasp metrics}},
volume = {13},
year = {2017}
}
@article{Mantian2019,
author = {Mantian, Li and Zeguo, Yang and Fusheng, Zha and Xing, Wang and Pengfei, Wang and Ping, Li and Qinyuan, Ren and Fei, Chen},
doi = {10.1007/S11432-019-2741-6},
file = {:home/mspahn/phd/research/lib/paper/Mantian et al.{\_}2019{\_}Design and Analysis of a Whole-body Controller for a Velocity Controlled Robot Mobile Manipulator.pdf:pdf},
issn = {1674--733},
journal = {SCIENCE CHINA Information Sciences},
keywords = {controller,mobile manipulator,null-space projection,redundancy,task priority,velocity controlled,whole-body control,wmm},
mendeley-tags = {controller,redundancy,wmm},
publisher = {Science China Press},
title = {{Design and Analysis of a Whole-body Controller for a Velocity Controlled Robot Mobile Manipulator}},
year = {2019}
}
@article{Brito2019,
author = {Brito, Bruno and Floor, Boaz and Ferranti, Laura and Alonso-Mora, Javier},
doi = {10.1109/lra.2019.2929976},
file = {:home/mspahn/phd/research/lib/paper/Brito et al.{\_}2019{\_}Model Predictive Contouring Control for Collision Avoidance in Unstructured Dynamic Environments.pdf:pdf},
issn = {2377-3766},
journal = {IEEE Robotics and Automation Letters},
keywords = {interaction,mpcc,multipleAgents,obstacleAvoidance,optimization},
mendeley-tags = {interaction,mpcc,multipleAgents,obstacleAvoidance,optimization},
number = {4},
pages = {4459--4466},
publisher = {IEEE},
title = {{Model Predictive Contouring Control for Collision Avoidance in Unstructured Dynamic Environments}},
volume = {4},
year = {2019}
}
@article{Vanderborght2013,
author = {Vanderborght, B. and Albu-Schaeffer, A. and Bicchi, A. and Burdet, E. and Caldwell, D. G. and Carloni, R. and Catalano, M. and Eiberger, O. and Friedl, W. and Ganesh, G. and Garabini, M. and Grebenstein, M. and Grioli, G. and Haddadin, S. and Hoppner, H. and Jafari, A. and Laffranchi, M. and Lefeber, D. and Petit, F. and Stramigioli, S. and Tsagarakis, N. and {Van Damme}, M. and {Van Ham}, R. and Visser, L. C. and Wolf, S.},
doi = {10.1016/j.robot.2013.06.009},
file = {:home/mspahn/phd/research/lib/paper/Vanderborght et al.{\_}2013{\_}Variable impedance actuators A review.pdf:pdf},
issn = {09218890},
journal = {Robotics and Autonomous Systems},
keywords = {Soft robotics,Variable impedance actuators},
month = {dec},
number = {12},
pages = {1601--1614},
title = {{Variable impedance actuators: A review}},
volume = {61},
year = {2013}
}
@article{Khaksar2020,
author = {Khaksar, Weria and Uddin, Md Zia and Torresen, Jim},
doi = {10.2478/amcs-2019-0047},
file = {:home/mspahn/phd/research/lib/paper/Khaksar, Uddin, Torresen{\_}2020{\_}Multiquery Motion Planning in Uncertain Spaces Incremental Adaptive Randomized Roadmaps.pdf:pdf},
issn = {20838492},
journal = {International Journal of Applied Mathematics and Computer Science},
keywords = {motion planning,obstacle avoidance,roadmaps,sampling,uncertainty},
number = {4},
pages = {641--654},
title = {{Multiquery Motion Planning in Uncertain Spaces: Incremental Adaptive Randomized Roadmaps}},
url = {https://content.sciendo.com/view/journals/amcs/29/4/article-p641.xml},
volume = {29},
year = {2020}
}
@article{Lui2017,
author = {Lui, Kent Yee and Cho, Hyunjun and Ha, Chang Su and Lee, Dongjun},
doi = {10.1177/0278364917707583},
file = {:home/mspahn/phd/research/lib/paper/Lui et al.{\_}2017{\_}First-person view semi-autonomous teleoperation of cooperative wheeled mobile robots with visuo-haptic feedback.pdf:pdf},
issn = {17413176},
journal = {International Journal of Robotics Research},
keywords = {Behavior decomposition,cooperative grasping and transport,first-person view,nonholonomic wheeled mobile robots,semi-autonomous teleoperation,visuo-haptic feedback},
month = {jun},
number = {5-7},
pages = {840--860},
publisher = {SAGE Publications Inc.},
title = {{First-person view semi-autonomous teleoperation of cooperative wheeled mobile robots with visuo-haptic feedback}},
url = {http://journals.sagepub.com/doi/10.1177/0278364917707583},
volume = {36},
year = {2017}
}
@article{Hauser,
author = {Hauser, Kris},
file = {:home/mspahn/phd/research/lib/paper/Hauser{\_}Unknown{\_}Semi-{\{}Inﬁnite{\}} {\{}Programming{\}} for {\{}Trajectory{\}} {\{}Optimization{\}} with {\{}Nonconvex{\}} {\{}Obstacles{\}}.pdf:pdf},
keywords = {collision avoidance,optimization,semi-infinite programming},
pages = {16},
title = {{Semi-{\{}Inﬁnite{\}} {\{}Programming{\}} for {\{}Trajectory{\}} {\{}Optimization{\}} with {\{}Nonconvex{\}} {\{}Obstacles{\}}}},
url = {http://people.duke.edu/}
}
@article{Solovey2018,
archivePrefix = {arXiv},
arxivId = {1602.05460},
author = {Solovey, Kiril and Salzman, Oren and Halperin, Dan},
doi = {10.1177/0278364918802957},
eprint = {1602.05460},
file = {:home/mspahn/phd/research/lib/paper/Solovey, Salzman, Halperin{\_}2018{\_}New perspective on sampling-based motion planning via random geometric graphs.pdf:pdf},
issn = {17413176},
journal = {International Journal of Robotics Research},
keywords = {asymptotic optimality,motion planning,probabilistic completeness,probabilistic roadmaps,random geometric graphs,sampling-based algorithms},
month = {sep},
number = {10},
pages = {1117--1133},
title = {{New perspective on sampling-based motion planning via random geometric graphs}},
url = {http://journals.sagepub.com/doi/10.1177/0278364918802957},
volume = {37},
year = {2018}
}
@inproceedings{Rodriguez2006,
author = {Rodr{\'{i}}guez, Samuel and Tang, Xinyu and Lien, Jyh Ming and Amato, Nancy M.},
booktitle = {Proceedings - IEEE International Conference on Robotics and Automation},
doi = {10.1109/ROBOT.2006.1641823},
file = {:home/mspahn/phd/research/lib/paper/Rodr{\'{i}}guez et al.{\_}2006{\_}An obstacle-based rapidly-exploring random tree.pdf:pdf},
isbn = {0780395069},
issn = {10504729},
keywords = {motionPlanning,rrt},
mendeley-tags = {motionPlanning,rrt},
pages = {895--900},
title = {{An obstacle-based rapidly-exploring random tree}},
volume = {2006},
year = {2006}
}
@inproceedings{Djezairi2019,
author = {Djezairi, Salim and Razika, Boushaki Zamoum and Akli, Isma and Bouzouia, Brahim and Abdellah, Pr Kouzou},
booktitle = {2019 International Conference on Applied Automation and Industrial Diagnostics (ICAAID)},
doi = {10.1109/ICAAID.2019.8934987},
file = {:home/mspahn/phd/research/lib/paper/Djezairi et al.{\_}2019{\_}Automated Planning for Mobile Manipulators using passive RFID tags.pdf:pdf},
isbn = {978-1-7281-2874-0},
month = {sep},
pages = {1--6},
publisher = {IEEE},
title = {{Automated Planning for Mobile Manipulators using passive RFID tags}},
url = {https://ieeexplore.ieee.org/document/8934987/},
year = {2019}
}
@misc{Peters2007,
address = {New York, New York, USA},
author = {Peters, Jan and Schaal, Stefan},
booktitle = {ACM International Conference Proceeding Series},
doi = {10.1145/1273496.1273590},
file = {:home/mspahn/phd/research/lib/paper//Peters, Schaal{\_}2007{\_}Reinforcement Learning by Reward-weighted Regression for Operational Space Control.pdf:pdf},
pages = {745--750},
publisher = {ACM Press},
title = {{Reinforcement Learning by Reward-weighted Regression for Operational Space Control}},
url = {http://portal.acm.org/citation.cfm?doid=1273496.1273590},
volume = {227},
year = {2007}
}
@inproceedings{Chitta2010,
author = {Chitta, Sachin and Cohen, Benjamin and Likhachev, Maxim},
booktitle = {Proceedings - IEEE International Conference on Robotics and Automation},
doi = {10.1109/ROBOT.2010.5509475},
file = {:home/mspahn/phd/research/lib/paper/Chitta, Cohen, Likhachev{\_}2010{\_}Planning for autonomous door opening with a mobile manipulator.pdf:pdf},
isbn = {9781424450381},
issn = {10504729},
pages = {1799--1806},
title = {{Planning for autonomous door opening with a mobile manipulator}},
year = {2010}
}
@article{Schulman2014,
doi = {10.1177/0278364914528132},
file = {:home/mspahn/phd/research/lib/paper/Schulman et al.{\_}2014{\_}Motion planning with sequential convex optimization and convex collision checking.pdf:pdf},
issn = {17413176},
journal = {International Journal of Robotics Research},
keywords = {Motion planning,agv,convex collision checking,sequential convex optimization,trajectory optimization},
mendeley-tags = {agv},
month = {aug},
number = {9},
pages = {1251--1270},
publisher = {SAGE Publications Inc.},
title = {{Motion planning with sequential convex optimization and convex collision checking}},
volume = {33},
year = {2014}
}
@inproceedings{Zeng2018,
archivePrefix = {arXiv},
arxivId = {1803.09956},
author = {Zeng, Andy and Song, Shuran and Welker, Stefan and Lee, Johnny and Rodriguez, Alberto and Funkhouser, Thomas},
booktitle = {IEEE International Conference on Intelligent Robots and Systems},
doi = {10.1109/IROS.2018.8593986},
eprint = {1803.09956},
file = {:home/mspahn/phd/research/lib/paper/Zeng et al.{\_}2018{\_}Learning Synergies between Pushing and Grasping with Self-Supervised Deep Reinforcement Learning.pdf:pdf},
isbn = {9781538680940},
issn = {21530866},
month = {dec},
pages = {4238--4245},
publisher = {Institute of Electrical and Electronics Engineers Inc.},
title = {{Learning Synergies between Pushing and Grasping with Self-Supervised Deep Reinforcement Learning}},
year = {2018}
}
@article{Peters2008a,
author = {Peters, Jan and Schaal, Stefan},
doi = {10.1177/0278364907087548},
file = {:home/mspahn/phd/research/lib/paper/Peters, Schaal{\_}2008{\_}Learning to Control in Operational Space.pdf:pdf},
issn = {0278-3649},
journal = {The International Journal of Robotics Research},
keywords = {Operational space control,Reinforcement learning,Reward-weighted regression,Robot learning},
month = {feb},
number = {2},
pages = {197--212},
publisher = {Sage PublicationsSage UK: London, England},
title = {{Learning to Control in Operational Space}},
url = {http://journals.sagepub.com/doi/10.1177/0278364907087548},
volume = {27},
year = {2008}
}
@inproceedings{Pittner2018,
author = {Pittner, Maximilian and Hiller, Markus and Particke, Florian and Pati{\~{n}}o-Studencki, Lucila and Thielecke, J{\"{o}}rn},
booktitle = {50th International Symposium on Robotics, ISR 2018},
file = {:home/mspahn/phd/research/lib/paper/Pittner et al.{\_}2018{\_}Systematic analysis of global and local planners for optimal trajectory planning.pdf:pdf},
isbn = {9781510870314},
pages = {127--130},
title = {{Systematic analysis of global and local planners for optimal trajectory planning}},
year = {2018}
}
@inproceedings{Padois2007,
author = {Padois, V and Fourquet, J. Y. and Chiron, P},
booktitle = {Robotica},
doi = {10.1017/S0263574707003360},
file = {:home/mspahn/phd/research/lib/paper/Padois, Fourquet, Chiron{\_}2007{\_}Kinematic and dynamic model-based control of wheeled mobile manipulators A unified framework for reactive.pdf:pdf},
issn = {02635747},
keywords = {Kinematic and dynamic model-based control reactive,Non-holonomic and redundant systems,Wheeled mobile manipulators,dynamicPlanning,redundancy,wmm},
mendeley-tags = {dynamicPlanning,redundancy,wmm},
number = {2},
pages = {157--173},
title = {{Kinematic and dynamic model-based control of wheeled mobile manipulators: A unified framework for reactive approaches}},
url = {https://doi.org/10.1017/S0263574707003360},
volume = {25},
year = {2007}
}
@techreport{Hawks,
author = {Hawks, Zachary and Walker, Ian D and Karamouzas, Ioannis},
file = {:home/mspahn/phd/research/lib/paper/Hawks, Walker, Karamouzas{\_}Unknown{\_}Motion Planning for Mobile Robot with Continuum Element.pdf:pdf},
title = {{Motion Planning for Mobile Robot with Continuum Element}}
}
@article{Rudenko2017,
author = {Rudenko, Andrey and Palmieri, Luigi and Arras, Kai O},
file = {:home/mspahn/phd/research/lib/paper/Rudenko, Palmieri, Arras{\_}2017{\_}Predictive Planning for a Mobile Robot in Human Environments.pdf:pdf},
journal = {2017 IEEE International Conference on Robotics and Automation (ICRA), Workshop on AI Planning and Robotics: Challenges and Methods},
title = {{Predictive Planning for a Mobile Robot in Human Environments}},
url = {https://iliad-project.eu/publications/2017-2/predictive-planning-for-a-mobile-robot-in-human-environments/},
year = {2017}
}
@article{Ching2010,
author = {Ching, Shinung and Kabamba, Pierre T. and Meerkov, Semyon M.},
doi = {10.1109/TAC.2009.2033879},
file = {:home/mspahn/phd/research/lib/paper/Ching, Kabamba, Meerkov{\_}2010{\_}Simultaneous design of controllers and instrumentation ILQRILQG.pdf:pdf},
issn = {00189286},
journal = {IEEE Transactions on Automatic Control},
keywords = {Linear plant/nonlinear instrumentation (LPNI)},
month = {jan},
number = {1},
pages = {217--221},
title = {{Simultaneous design of controllers and instrumentation: ILQR/ILQG}},
volume = {55},
year = {2010}
}
@article{Costanzo2020,
archivePrefix = {arXiv},
arxivId = {1912.11018},
author = {Costanzo, Marco and Stelter, Simon and Natale, Ciro and Pirozzi, Salvatore and Bartels, Georg and Maldonado, Alexis and Beetz, Michael},
doi = {10.1109/LRA.2020.2969179},
eprint = {1912.11018},
file = {:home/mspahn/phd/research/lib/paper/Costanzo et al.{\_}2019{\_}Manipulation Planning and Control for Shelf Replenishment.pdf:pdf},
issn = {2377-3766},
journal = {IEEE Robotics and Automation Letters},
pages = {1--1},
title = {{Manipulation Planning and Control for Shelf Replenishment}},
url = {https://ieeexplore.ieee.org/document/8968346/ http://arxiv.org/abs/1912.11018},
year = {2019}
}
@inproceedings{Deng2018,
author = {Deng, Hao and Xiong, Jing and Xia, Zeyang},
booktitle = {2017 IEEE International Conference on Real-Time Computing and Robotics, RCAR 2017},
doi = {10.1109/RCAR.2017.8311930},
file = {:home/mspahn/phd/research/lib/paper/Deng, Xiong, Xia{\_}2018{\_}Mobile manipulation task simulation using ROS with MoveIt.pdf:pdf},
isbn = {9781538620342},
keywords = {MoveIt,ROS,mobile manipulation,simulation},
month = {mar},
pages = {612--616},
publisher = {Institute of Electrical and Electronics Engineers Inc.},
title = {{Mobile manipulation task simulation using ROS with MoveIt}},
volume = {2017-July},
year = {2018}
}
@inproceedings{Bresson2019,
author = {Bresson, Roman and Saraydaryan, Jacques and Dugdale, Julie and Spalanzani, Anne},
booktitle = {IEEE Intelligent Vehicles Symposium, Proceedings},
doi = {10.1109/IVS.2019.8814288},
file = {:home/mspahn/phd/research/lib/paper/Bresson et al.{\_}2019{\_}Socially compliant navigation in dense crowds.pdf:pdf},
isbn = {9781728105604},
month = {jun},
pages = {64--69},
publisher = {Institute of Electrical and Electronics Engineers Inc.},
title = {{Socially compliant navigation in dense crowds}},
volume = {2019-June},
year = {2019}
}
@inproceedings{Schwager2017,
author = {Schwager, Mac and Dames, Philip and Rus, Daniela and Kumar, Vijay},
booktitle = {Springer Tracts in Advanced Robotics},
doi = {10.1007/978-3-319-29363-9_26},
file = {:home/mspahn/phd/research/lib/paper/Schwager et al.{\_}2017{\_}A multi-robot control policy for information gathering in the presence of unknown hazards.pdf:pdf},
isbn = {9783319293622},
issn = {1610742X},
pages = {455--472},
publisher = {Springer Verlag},
title = {{A multi-robot control policy for information gathering in the presence of unknown hazards}},
volume = {100},
year = {2017}
}
@incollection{Khambhaita,
archivePrefix = {arXiv},
arxivId = {1708.01267},
author = {Khambhaita, Harmish and Alami, Rachid},
doi = {10.1007/978-3-030-28619-4_25},
eprint = {1708.01267},
file = {:home/mspahn/phd/research/lib/paper/Khambhaita, Alami{\_}2020{\_}Viewing Robot Navigation in Human Environment as a Cooperative Activity.pdf:pdf},
pages = {285--300},
title = {{Viewing Robot Navigation in Human Environment as a Cooperative Activity}},
year = {2020}
}
@article{Rosmann2012,
author = {R{\"{o}}smann, Christoph and Feiten, Wendelin and W{\"{o}}sch, Thomas and Hoffmann, Frank and Bertram, Torsten},
file = {:home/mspahn/phd/research/lib/paper/R{\"{o}}smann et al.{\_}2012{\_}Trajectory modification considering dynamic constraints of autonomous robots.pdf:pdf},
journal = {Robotik 2012},
keywords = {autonomous robots,dynamics,kinematics,timed elastic band,trajectory modification},
pages = {74--79},
title = {{Trajectory modification considering dynamic constraints of autonomous robots}},
year = {2012}
}
@inproceedings{Li2016,
archivePrefix = {arXiv},
arxivId = {1407.2896},
author = {Li, Yanbo and Littlefield, Zakary and Bekris, Kostas E.},
booktitle = {International Journal of Robotics Research},
doi = {10.1177/0278364915614386},
eprint = {1407.2896},
file = {:home/mspahn/phd/research/lib/paper/Li, Littlefield, Bekris{\_}2016{\_}Asymptotically optimal sampling-based kinodynamic planning.pdf:pdf},
issn = {17413176},
keywords = {Motion planning,asymptotic optimality,kinodynamic planning,kinodynamicPlanning,sampling-based algorithms,steering functions},
mendeley-tags = {kinodynamicPlanning},
number = {5},
pages = {528--564},
publisher = {SAGE Publications Inc.},
title = {{Asymptotically optimal sampling-based kinodynamic planning}},
volume = {35},
year = {2016}
}
@article{Doshi2019,
archivePrefix = {arXiv},
arxivId = {1911.00175},
author = {Doshi, Neel and Hogan, Francois R. and Rodriguez, Alberto},
eprint = {1911.00175},
file = {:home/mspahn/phd/research/lib/paper/Doshi, Hogan, Rodriguez{\_}2019{\_}Hybrid Differential Dynamic Programming for Planar Manipulation Primitives.pdf:pdf},
month = {oct},
title = {{Hybrid Differential Dynamic Programming for Planar Manipulation Primitives}},
url = {http://arxiv.org/abs/1911.00175},
year = {2019}
}
@article{Wei2018,
author = {Wei, Kun and Ren, Bingyin},
doi = {10.3390/s18020571},
file = {:home/mspahn/phd/research/lib/paper/Wei, Ren{\_}2018{\_}A method on dynamic path planning for robotic manipulator autonomous obstacle avoidance based on an improved RRT algorithm.pdf:pdf},
issn = {14248220},
journal = {Sensors (Switzerland)},
keywords = {Autonomous obstacle avoidance,Dynamic path planning,Dynamic unstructured environment,RRT algorithm,Robotic manipulator},
month = {feb},
number = {2},
publisher = {MDPI AG},
title = {{A method on dynamic path planning for robotic manipulator autonomous obstacle avoidance based on an improved RRT algorithm}},
volume = {18},
year = {2018}
}
@inproceedings{Zhang2019,
author = {Zhang, Fuhai and Li, Ning and Xue, Tiegang and Zhu, Ying and Yuan, Rupeng and Fu, Yili},
booktitle = {2019 IEEE International Conference on Robotics and Biomimetics (ROBIO)},
doi = {10.1109/ROBIO49542.2019.8961684},
file = {:home/mspahn/phd/research/lib/paper/Zhang et al.{\_}2019{\_}An Improved Dynamic Window Approach Integrated Global Path Planning.pdf:pdf},
isbn = {978-1-7281-6321-5},
month = {dec},
pages = {2873--2878},
publisher = {IEEE},
title = {{An Improved Dynamic Window Approach Integrated Global Path Planning}},
url = {https://ieeexplore.ieee.org/document/8961684/},
year = {2019}
}
@inproceedings{Schulman2015,
author = {Schulman, John and Levine, Sergey and Moritz, Phillip and Jordan, Michael and Abbeel, Pieter},
booktitle = {Proceedings of the 31st International Conference on Machine Learning},
file = {:home/mspahn/phd/research/lib/paper/Schulman et al.{\_}2015{\_}Trust Region Policy Optimization.pdf:pdf},
keywords = {PolicyOptimization},
mendeley-tags = {PolicyOptimization},
title = {{Trust Region Policy Optimization}},
url = {http://proceedings.mlr.press/v37/schulman15.pdf},
year = {2015}
}
@misc{Yang2016,
author = {Yang, Liang and Qi, Juntong and Song, Dalei and Xiao, Jizhong and Han, Jianda and Xia, Yong},
booktitle = {Journal of Control Science and Engineering},
doi = {10.1155/2016/7426913},
file = {:home/mspahn/phd/research/lib/paper/Yang et al.{\_}2016{\_}Survey of Robot 3D Path Planning Algorithms.pdf:pdf},
issn = {16875257},
publisher = {Hindawi Publishing Corporation},
title = {{Survey of Robot 3D Path Planning Algorithms}},
volume = {2016},
year = {2016}
}
@article{Lachner2020,
author = {Lachner, Johannes and Schettino, Vincenzo and Allmendinger, Felix and Fiore, Mario Daniele and Ficuciello, Fanny and Siciliano, Bruno and Stramigioli, Stefano},
doi = {10.1016/j.mechmachtheory.2019.103722},
file = {:home/mspahn/phd/research/lib/paper/Lachner et al.{\_}2020{\_}The influence of coordinates in robotic manipulability analysis.pdf:pdf},
issn = {0094114X},
journal = {Mechanism and Machine Theory},
keywords = {Coordinate invariance,Manipulability ellipsoids,Metrics,Tensor analysis},
month = {apr},
pages = {103722},
publisher = {Elsevier Ltd},
title = {{The influence of coordinates in robotic manipulability analysis}},
volume = {146},
year = {2020}
}
@inproceedings{Everett2018,
archivePrefix = {arXiv},
arxivId = {1805.01956},
author = {Everett, Michael and Chen, Yu Fan and How, Jonathan P.},
booktitle = {IEEE International Conference on Intelligent Robots and Systems},
doi = {10.1109/IROS.2018.8593871},
eprint = {1805.01956},
file = {:home/mspahn/phd/research/lib/paper/Everett, Chen, How{\_}2018{\_}Motion Planning among Dynamic, Decision-Making Agents with Deep Reinforcement Learning.pdf:pdf},
isbn = {9781538680940},
issn = {21530866},
month = {dec},
pages = {3052--3059},
publisher = {Institute of Electrical and Electronics Engineers Inc.},
title = {{Motion Planning among Dynamic, Decision-Making Agents with Deep Reinforcement Learning}},
year = {2018}
}
@inproceedings{Webb2013,
author = {Webb, Dustin J. and {Van Den Berg}, Jur},
booktitle = {Proceedings - IEEE International Conference on Robotics and Automation},
doi = {10.1109/ICRA.2013.6631299},
file = {:home/mspahn/phd/research/lib/paper/Webb, Van Den Berg{\_}2013{\_}Kinodynamic RRT Asymptotically optimal motion planning for robots with linear dynamics.pdf:pdf},
isbn = {9781467356411},
issn = {10504729},
pages = {5054--5061},
title = {{Kinodynamic RRT*: Asymptotically optimal motion planning for robots with linear dynamics}},
year = {2013}
}
@book{Dupourque1984a,
author = {Dupourque, V.},
booktitle = {Proceedings - IEEE International Conference on Robotics and Automation},
doi = {10.1109/ROBOT.1984.1087185},
file = {:home/mspahn/phd/research/lib/paper/Dupourque{\_}1984{\_}A robot operating system.pdf:pdf},
isbn = {081860526X},
issn = {10504729},
number = {Volume 3},
pages = {342--348},
title = {{A robot operating system}},
volume = {3},
year = {1984}
}
@article{Seraji1998,
author = {Seraji, Homayoun},
doi = {10.1177/027836499801700201},
file = {:home/mspahn/phd/research/lib/paper/Seraji{\_}1998{\_}Unified approach to motion control of mobile manipulators.pdf:pdf},
issn = {02783649},
journal = {International Journal of Robotics Research},
month = {feb},
number = {2},
pages = {107--118},
title = {{Unified approach to motion control of mobile manipulators}},
url = {http://journals.sagepub.com/doi/10.1177/027836499801700201},
volume = {17},
year = {1998}
}
@article{Mukadam2019,
archivePrefix = {arXiv},
arxivId = {1807.10425},
author = {Mukadam, Mustafa and Dong, Jing and Dellaert, Frank and Boots, Byron},
doi = {10.1007/s10514-018-9770-1},
eprint = {1807.10425},
file = {:home/mspahn/phd/research/lib/paper/Mukadam et al.{\_}2019{\_}STEAP simultaneous trajectory estimation and planning.pdf:pdf},
issn = {15737527},
journal = {Autonomous Robots},
keywords = {Estimation,Factor graphs,Gaussian processes,Motion planning,Probabilistic inference,Replanning,Trajectory optimization},
month = {feb},
number = {2},
pages = {415--434},
publisher = {Springer New York LLC},
title = {{STEAP: simultaneous trajectory estimation and planning}},
volume = {43},
year = {2019}
}
@article{Kretzschmar2016,
author = {Kretzschmar, Henrik and Spies, Markus and Sprunk, Christoph and Burgard, Wolfram},
doi = {10.1177/0278364915619772},
file = {:home/mspahn/phd/research/lib/paper/Kretzschmar et al.{\_}2016{\_}Socially compliant mobile robot navigation via inverse reinforcement learning.pdf:pdf},
issn = {17413176},
journal = {International Journal of Robotics Research},
month = {sep},
number = {11},
pages = {1352--1370},
publisher = {SAGE Publications Inc.},
title = {{Socially compliant mobile robot navigation via inverse reinforcement learning}},
url = {http://journals.sagepub.com/doi/10.1177/0278364915619772},
volume = {35},
year = {2016}
}

@Article{Sieverling2017,
  author   = {Sieverling, Arne and Eppner, Clemens and Brock, Oliver},
  title    = {{Exploiting Contact for Efficient Motion Planning Under Uncertainty}},
  journal  = {RSS workshop: Revisiting Contact - Turning a problem into a solution},
  year     = {2017},
  pages    = {16--19},
  file     = {:home/mspahn/phd/research/lib/paper/Sieverling, Eppner, Brock{\_}2017{\_}Exploiting Contact for Efficient Motion Planning Under Uncertainty.pdf:pdf},
}
@article{Orthey2018,
archivePrefix = {arXiv},
arxivId = {1809.05322},
author = {Orthey, Andreas and Roussel, Olivier and Stasse, Olivier and Ta{\"{i}}x, Michel},
doi = {10.1016/j.robot.2018.08.012},
eprint = {1809.05322},
file = {:home/mspahn/phd/research/lib/paper/Orthey et al.{\_}2018{\_}Motion planning in Irreducible Path Spaces.pdf:pdf},
issn = {09218890},
journal = {Robotics and Autonomous Systems},
keywords = {Irreducible paths,Motion planning,Serial kinematic chain,Swept volume},
month = {nov},
pages = {97--108},
publisher = {Elsevier B.V.},
title = {{Motion planning in Irreducible Path Spaces}},
volume = {109},
year = {2018}
}
@techreport{Denny,
author = {Denny, Jory and Sandstr{\"{o}}m, Read and Bregger, Andrew and Amato, Nancy M},
file = {:home/mspahn/phd/research/lib/paper/Denny et al.{\_}Unknown{\_}Dynamic Region-biased Rapidly-exploring Random Trees.pdf:pdf},
title = {{Dynamic Region-biased Rapidly-exploring Random Trees}}
}
@article{Hauser2014,
author = {Hauser, Kris},
doi = {10.1177/0278364914527855},
file = {:home/mspahn/phd/research/lib/paper/Hauser{\_}2014{\_}Fast interpolation and time-optimization with contact.pdf:pdf},
issn = {17413176},
journal = {International Journal of Robotics Research},
keywords = {Trajectory optimization,algorithms,legged locomotion,manipulation},
month = {aug},
number = {9},
pages = {1231--1250},
publisher = {SAGE Publications Inc.},
title = {{Fast interpolation and time-optimization with contact}},
volume = {33},
year = {2014}
}
@article{Schwarting2018,
author = {Schwarting, Wilko and Alonso-Mora, Javier and Paull, Liam and Karaman, Sertac and Rus, Daniela},
doi = {10.1109/TITS.2017.2771351},
file = {:home/mspahn/phd/research/lib/paper/Schwarting et al.{\_}2018{\_}Safe Nonlinear Trajectory Generation for Parallel Autonomy with a Dynamic Vehicle Model.pdf:pdf},
issn = {15249050},
journal = {IEEE Transactions on Intelligent Transportation Systems},
keywords = {Advanced driver assistance systems (ADAS),collision avoidance,intelligent vehicles,motion planning,parallel autonomy,shared control,trajectory generation},
month = {sep},
number = {9},
pages = {2994--3008},
publisher = {Institute of Electrical and Electronics Engineers Inc.},
title = {{Safe Nonlinear Trajectory Generation for Parallel Autonomy with a Dynamic Vehicle Model}},
volume = {19},
year = {2018}
}
@inproceedings{Rosmann2017,
author = {R{\"{o}}smann, Christoph and Oeljeklaus, Malte and Hoffmann, Frank and Bertram, Torsten},
booktitle = {IEEE/ASME International Conference on Advanced Intelligent Mechatronics, AIM},
doi = {10.1109/AIM.2017.8014190},
file = {:home/mspahn/phd/research/lib/paper/R{\"{o}}smann et al.{\_}2017{\_}Online trajectory prediction and planning for social robot navigation.pdf:pdf},
isbn = {9781509059980},
month = {aug},
pages = {1255--1260},
publisher = {Institute of Electrical and Electronics Engineers Inc.},
title = {{Online trajectory prediction and planning for social robot navigation}},
year = {2017}
}
@inproceedings{Hogan2018,
archivePrefix = {arXiv},
arxivId = {1710.05724},
author = {Hogan, Francois Robert and Grau, Eudald Romo and Rodriguez, Alberto},
booktitle = {Proceedings - IEEE International Conference on Robotics and Automation},
doi = {10.1109/ICRA.2018.8461175},
eprint = {1710.05724},
file = {:home/mspahn/phd/research/lib/paper/Hogan, Grau, Rodriguez{\_}2018{\_}Reactive planar manipulation with convex hybrid MPC.pdf:pdf},
isbn = {9781538630815},
issn = {10504729},
month = {sep},
pages = {247--253},
publisher = {Institute of Electrical and Electronics Engineers Inc.},
title = {{Reactive planar manipulation with convex hybrid MPC}},
year = {2018}
}
@inproceedings{Faust2017,
archivePrefix = {arXiv},
arxivId = {1710.03937},
author = {Faust, Aleksandra and Oslund, Kenneth and Ramirez, Oscar and Francis, Anthony and Tapia, Lydia and Fiser, Marek and Davidson, James},
booktitle = {Proceedings - IEEE International Conference on Robotics and Automation},
doi = {10.1109/ICRA.2018.8461096},
eprint = {1710.03937},
file = {:home/mspahn/phd/research/lib/paper/Faust et al.{\_}2017{\_}PRM-RL Long-range Robotic Navigation Tasks by Combining Reinforcement Learning and Sampling-based Planning.pdf:pdf},
isbn = {9781538630815},
issn = {10504729},
month = {oct},
pages = {5113--5120},
publisher = {Institute of Electrical and Electronics Engineers Inc.},
title = {{PRM-RL: Long-range robotic navigation tasks by combining reinforcement learning and sampling-based planning}},
url = {http://arxiv.org/abs/1710.03937},
year = {2018}
}
@inproceedings{Berscheid2019a,
archivePrefix = {arXiv},
arxivId = {1903.00228},
author = {Berscheid, Lars and R{\"{u}}hr, Thomas and Kr{\"{o}}ger, Torsten},
booktitle = {Proceedings - IEEE International Conference on Robotics and Automation},
doi = {10.1109/ICRA.2019.8793952},
eprint = {1903.00228},
file = {:home/mspahn/phd/research/lib/paper/Berscheid, R{\"{u}}hr, Kr{\"{o}}ger{\_}2019{\_}Improving data efficiency of self-supervised learning for robotic grasping.pdf:pdf},
isbn = {9781538660263},
issn = {10504729},
month = {may},
pages = {2125--2131},
publisher = {Institute of Electrical and Electronics Engineers Inc.},
title = {{Improving data efficiency of self-supervised learning for robotic grasping}},
volume = {2019-May},
year = {2019}
}
@article{Peters2008,
author = {Peters, Jan and Schaal, Stefan},
doi = {10.1016/j.neunet.2008.02.003},
file = {:home/mspahn/phd/research/lib/paper/Peters, Schaal{\_}2008{\_}Reinforcement learning of motor skills with policy gradients.pdf:pdf},
issn = {08936080},
journal = {Neural Networks},
keywords = {Motor primitives,Motor skills,Natural Actor-Critic,Natural gradients,Policy gradient methods,Reinforcement learning,humanoids,policy,reinforcementLearning},
mendeley-tags = {humanoids,policy,reinforcementLearning},
number = {4},
pages = {682--697},
title = {{Reinforcement learning of motor skills with policy gradients}},
volume = {21},
year = {2008}
}
@inproceedings{Kuffner2000,
author = {Kuffner, James J. and {La Valle}, Steven M.},
booktitle = {Proceedings - IEEE International Conference on Robotics and Automation},
doi = {10.1109/robot.2000.844730},
file = {:home/mspahn/phd/research/lib/paper/Kuffner, La Valle{\_}2000{\_}RRT-connect an efficient approach to single-query path planning.pdf:pdf},
issn = {10504729},
pages = {995--1001},
title = {{RRT-connect: an efficient approach to single-query path planning}},
volume = {2},
year = {2000}
}
@article{Kala2016,
author = {Kala, Rahul},
doi = {10.1007/s10489-016-0808-9},
file = {:home/mspahn/phd/research/lib/paper/Kala{\_}2016{\_}Homotopy conscious roadmap construction by fast sampling of narrow corridors.pdf:pdf},
issn = {15737497},
journal = {Applied Intelligence},
keywords = {Homotopy,Probabilistic roadmaps,Robot motion planning,Sampling based approaches},
month = {dec},
number = {4},
pages = {1089--1102},
publisher = {Springer New York LLC},
title = {{Homotopy conscious roadmap construction by fast sampling of narrow corridors}},
volume = {45},
year = {2016}
}

@Article{Xia2020a,
  author        = {Xia, Fei and Shen, William B. and Li, Chengshu and Kasimbeg, Priya and Tchapmi, Micael Edmond and Toshev, Alexander and Martin-Martin, Roberto and Savarese, Silvio},
  title         = {{Interactive Gibson Benchmark: A Benchmark for Interactive Navigation in Cluttered Environments}},
  journal       = {IEEE Robotics and Automation Letters},
  year          = {2020},
  pages         = {1--1},
  month         = {oct},
  issn          = {23773766},
  archiveprefix = {arXiv},
  arxivid       = {1910.14442},
  doi           = {10.1109/lra.2020.2965078},
  eprint        = {1910.14442},
  file          = {:home/mspahn/phd/research/lib/paper/Xia et al.{\_}2020{\_}Interactive Gibson Benchmark A Benchmark for Interactive Navigation in Cluttered Environments.pdf:pdf},
  publisher     = {Institute of Electrical and Electronics Engineers (IEEE)},
  url           = {http://arxiv.org/abs/1910.14442},
}

@Article{Garcia-Garcia2017a,
  author        = {Garcia-Garcia, Alberto and Orts-Escolano, Sergio and Oprea, Sergiu and Villena-Martinez, Victor and Garcia-Rodriguez, Jose},
  title         = {{A Review on Deep Learning Techniques Applied to Semantic Segmentation}},
  year          = {2017},
  month         = {apr},
  archiveprefix = {arXiv},
  arxivid       = {1704.06857},
  eprint        = {1704.06857},
  file          = {:home/mspahn/phd/research/lib/paper/Garcia-Garcia et al.{\_}2017{\_}A Review on Deep Learning Techniques Applied to Semantic Segmentation.pdf:pdf},
  url           = {http://arxiv.org/abs/1704.06857},
}

@InProceedings{Kakaletsis2019a,
  author    = {Kakaletsis, Efstratios and Tzelepi, Maria and Kaplanoglou, Pantelis I. and Symeonidis, Charalampos and Nikolaidis, Nikos and Tefas, Anastasios and Pitas, Ioannis},
  title     = {{Semantic map annotation through UAV video analysis using deep learning models in ROS}},
  booktitle = {Lecture Notes in Computer Science (including subseries Lecture Notes in Artificial Intelligence and Lecture Notes in Bioinformatics)},
  year      = {2019},
  volume    = {11296 LNCS},
  pages     = {328--340},
  month     = {jan},
  publisher = {Springer Verlag},
  doi       = {10.1007/978-3-030-05716-9_27},
  file      = {:home/mspahn/phd/research/lib/paper/Kakaletsis et al.{\_}2019{\_}Semantic map annotation through UAV video analysis using deep learning models in ROS.pdf:pdf},
  isbn      = {9783030057152},
  issn      = {16113349},
  keywords  = {Crowd detection,Deep learning,Drone imaging,FCNN,Octomap,ROS,Semantic mapping},
}

@InProceedings{Zhou2019a,
  author    = {Zhou, Chao and Liu, Jicheng},
  title     = {{Navigation System for Mobile Robot using RGBD Sensor based on Probabilistic Roadmaps}},
  booktitle = {Proceedings of 2019 IEEE 4th Advanced Information Technology, Electronic and Automation Control Conference, IAEAC 2019},
  year      = {2019},
  pages     = {1258--1261},
  month     = {dec},
  publisher = {Institute of Electrical and Electronics Engineers Inc.},
  doi       = {10.1109/IAEAC47372.2019.8997926},
  file      = {:home/mspahn/phd/research/lib/paper/Zhou, Liu{\_}2019{\_}Navigation System for Mobile Robot using RGBD Sensor based on Probabilistic Roadmaps.pdf:pdf},
  isbn      = {9781728119076},
  keywords  = {Kinect v2,PRM,SLAM,navigation},
}

@Article{Hornung2013a,
  author   = {Hornung, Armin and Wurm, Kai M. and Bennewitz, Maren and Stachniss, Cyrill and Burgard, Wolfram},
  title    = {{OctoMap: An efficient probabilistic 3D mapping framework based on octrees}},
  journal  = {Autonomous Robots},
  year     = {2013},
  volume   = {34},
  number   = {3},
  pages    = {189--206},
  month    = {apr},
  issn     = {09295593},
  doi      = {10.1007/s10514-012-9321-0},
  file     = {:home/mspahn/phd/research/lib/paper/Hornung et al.{\_}2013{\_}OctoMap An efficient probabilistic 3D mapping framework based on octrees.pdf:pdf},
  keywords = {3D,Mapping,Navigation,Probabilistic},
}
@article{Asvadi2016,
author = {Asvadi, Alireza and Premebida, Cristiano and Peixoto, Paulo and Nunes, Urbano},
doi = {10.1016/j.robot.2016.06.007},
issn = {09218890},
journal = {Robotics and Autonomous Systems},
keywords = {3D representation,LIDAR perception,Obstacle detection,Scene understanding},
pages = {299--311},
publisher = {Elsevier B.V.},
title = {{3D Lidar-based static and moving obstacle detection in driving environments: An approach based on voxels and multi-region ground planes}},
url = {http://dx.doi.org/10.1016/j.robot.2016.06.007},
volume = {83},
year = {2016}
}


@misc{Wyk2022,
	title = {Geometric Fabrics: Generalizing Classical Mechanics to Capture the Physics of Behavior},
	url = {http://arxiv.org/abs/2109.10443},
	shorttitle = {Geometric Fabrics},
	publisher = {{arXiv}},
	author = {Van Wyk, Karl and Xie, Mandy and Li, Anqi and Rana, Muhammad Asif and Babich, Buck and Peele, Bryan and Wan, Qian and Akinola, Iretiayo and Sundaralingam, Balakumar and Fox, Dieter and Boots, Byron and Ratliff, Nathan D.},
	urldate = {2022-05-23},
	date = {2022-01-18},
	eprinttype = {arxiv},
	eprint = {2109.10443 [cs, eess]},
	note = {Number: {arXiv}:2109.10443},
	keywords = {Computer Science - Robotics, Electrical Engineering and Systems Science - Systems and Control},
	file = {arXiv Fulltext PDF:/home/mspahn/Zotero/storage/5HQG26YM/Van Wyk et al. - 2022 - Geometric Fabrics Generalizing Classical Mechanic.pdf:application/pdf;arXiv.org Snapshot:/home/mspahn/Zotero/storage/CA2FM8EV/2109.html:text/html},
}

@misc{Xie2021,
	title = {Geometric Fabrics for the Acceleration-based Design of Robotic Motion},
	url = {http://arxiv.org/abs/2010.14750},
	publisher = {{arXiv}},
	author = {Xie, Mandy and Van Wyk, Karl and Li, Anqi and Rana, Muhammad Asif and Wan, Qian and Fox, Dieter and Boots, Byron and Ratliff, Nathan},
	urldate = {2022-05-23},
	date = {2021-06-25},
	eprinttype = {arxiv},
	eprint = {2010.14750 [cs]},
	note = {Number: {arXiv}:2010.14750},
	keywords = {Computer Science - Robotics},
	file = {arXiv Fulltext PDF:/home/mspahn/Zotero/storage/JRHQRLRU/Xie et al. - 2021 - Geometric Fabrics for the Acceleration-based Desig.pdf:application/pdf;arXiv.org Snapshot:/home/mspahn/Zotero/storage/4F8ADII4/2010.html:text/html},
}

@misc{Ratliff2021,
	title = {Generalized Nonlinear and Finsler Geometry for Robotics},
	url = {http://arxiv.org/abs/2010.14745},
	publisher = {{arXiv}},
	author = {Ratliff, Nathan D. and Van Wyk, Karl and Xie, Mandy and Li, Anqi and Rana, Muhammad Asif},
	urldate = {2022-05-23},
	date = {2021-07-02},
	eprinttype = {arxiv},
	eprint = {2010.14745 [cs]},
	note = {Number: {arXiv}:2010.14745},
	keywords = {Computer Science - Robotics},
	file = {arXiv Fulltext PDF:/home/mspahn/Zotero/storage/AFZI6D46/Ratliff et al. - 2021 - Generalized Nonlinear and Finsler Geometry for Rob.pdf:application/pdf;arXiv.org Snapshot:/home/mspahn/Zotero/storage/B9ZAN6BN/2010.html:text/html},
}

@misc{Ratliff2021a,
	title = {Optimization Fabrics for Behavioral Design},
	url = {http://arxiv.org/abs/2010.15676},
	publisher = {{arXiv}},
	author = {Ratliff, Nathan D. and Van Wyk, Karl and Xie, Mandy and Li, Anqi and Rana, Muhammad Asif},
	urldate = {2022-05-23},
	date = {2021-06-25},
	eprinttype = {arxiv},
	eprint = {2010.15676 [cs, math]},
	note = {Number: {arXiv}:2010.15676},
	keywords = {Computer Science - Robotics, Mathematics - Optimization and Control},
	file = {arXiv Fulltext PDF:/home/mspahn/Zotero/storage/FPUJ2KBV/Ratliff et al. - 2021 - Optimization Fabrics for Behavioral Design.pdf:application/pdf;arXiv.org Snapshot:/home/mspahn/Zotero/storage/EDRLX3V3/2010.html:text/html},
}

@misc{bylard_composable_2021,
	title = {Composable Geometric Motion Policies using Multi-Task Pullback Bundle Dynamical Systems},
	url = {http://arxiv.org/abs/2101.01297},
	publisher = {{arXiv}},
	author = {Bylard, Andrew and Bonalli, Riccardo and Pavone, Marco},
	urldate = {2022-05-23},
	date = {2021-03-24},
	eprinttype = {arxiv},
	eprint = {2101.01297 [cs]},
	note = {Number: {arXiv}:2101.01297},
	keywords = {Computer Science - Robotics},
	file = {arXiv Fulltext PDF:/home/mspahn/Zotero/storage/PULEV34P/Bylard et al. - 2021 - Composable Geometric Motion Policies using Multi-T.pdf:application/pdf;arXiv.org Snapshot:/home/mspahn/Zotero/storage/N72XH4J5/2101.html:text/html},
}

@misc{Ratliff2018,
	title = {Riemannian Motion Policies},
	url = {http://arxiv.org/abs/1801.02854},
	publisher = {{arXiv}},
	author = {Ratliff, Nathan D. and Issac, Jan and Kappler, Daniel and Birchfield, Stan and Fox, Dieter},
	urldate = {2022-05-23},
	date = {2018-07-25},
	eprinttype = {arxiv},
	eprint = {1801.02854 [cs]},
	note = {Number: {arXiv}:1801.02854},
	keywords = {Computer Science - Robotics},
	file = {arXiv Fulltext PDF:/home/mspahn/Zotero/storage/4UVUNFAT/Ratliff et al. - 2018 - Riemannian Motion Policies.pdf:application/pdf;arXiv.org Snapshot:/home/mspahn/Zotero/storage/H2CXTX6E/1801.html:text/html},
}

@misc{Cheng2019,
	title = {{RMPflow}: A Computational Graph for Automatic Motion Policy Generation},
	url = {http://arxiv.org/abs/1811.07049},
	shorttitle = {{RMPflow}},
	publisher = {{arXiv}},
	author = {Cheng, Ching-An and Mukadam, Mustafa and Issac, Jan and Birchfield, Stan and Fox, Dieter and Boots, Byron and Ratliff, Nathan},
	urldate = {2022-05-23},
	date = {2019-04-05},
	eprinttype = {arxiv},
	eprint = {1811.07049 [cs]},
	note = {Number: {arXiv}:1811.07049},
	keywords = {Computer Science - Robotics, Electrical Engineering and Systems Science - Systems and Control},
	file = {arXiv Fulltext PDF:/home/mspahn/Zotero/storage/B5L8VWJP/Cheng et al. - 2019 - RMPflow A Computational Graph for Automatic Motio.pdf:application/pdf;arXiv.org Snapshot:/home/mspahn/Zotero/storage/J8DQQQPE/1811.html:text/html},
}

@misc{Cheng2020,
	title = {{RMPflow}: A Geometric Framework for Generation of Multi-Task Motion Policies},
	url = {http://arxiv.org/abs/2007.14256},
	shorttitle = {{RMPflow}},
	publisher = {{arXiv}},
	author = {Cheng, Ching-An and Mukadam, Mustafa and Issac, Jan and Birchfield, Stan and Fox, Dieter and Boots, Byron and Ratliff, Nathan},
	urldate = {2022-05-23},
	date = {2020-07-24},
	eprinttype = {arxiv},
	eprint = {2007.14256 [cs]},
	note = {Number: {arXiv}:2007.14256},
	keywords = {Computer Science - Robotics},
	file = {arXiv Fulltext PDF:/home/mspahn/Zotero/storage/J52ICYQ4/Cheng et al. - 2020 - RMPflow A Geometric Framework for Generation of M.pdf:application/pdf;arXiv.org Snapshot:/home/mspahn/Zotero/storage/2KWH5LZ9/2007.html:text/html},
}

@misc{Ratliff2020,
	title = {Optimization Fabrics},
	url = {http://arxiv.org/abs/2008.02399},
	publisher = {{arXiv}},
	author = {Ratliff, Nathan D. and Van Wyk, Karl and Xie, Mandy and Li, Anqi and Rana, Muhammad Asif},
	urldate = {2022-05-23},
	date = {2020-08-21},
	eprinttype = {arxiv},
	eprint = {2008.02399 [cs, math]},
	note = {Number: {arXiv}:2008.02399},
	keywords = {Computer Science - Robotics, Mathematics - Optimization and Control},
	file = {arXiv Fulltext PDF:/home/mspahn/Zotero/storage/JHV7LVUJ/Ratliff et al. - 2020 - Optimization Fabrics.pdf:application/pdf;arXiv.org Snapshot:/home/mspahn/Zotero/storage/CM98ZJ4H/2008.html:text/html},
}

@misc{Li2021,
	title = {{RMP}2: A Structured Composable Policy Class for Robot Learning},
	url = {http://arxiv.org/abs/2103.05922},
	shorttitle = {{RMP}2},
	publisher = {{arXiv}},
	author = {Li, Anqi and Cheng, Ching-An and Rana, M. Asif and Xie, Man and Van Wyk, Karl and Ratliff, Nathan and Boots, Byron},
	urldate = {2022-05-23},
	date = {2021-03-10},
	langid = {english},
	eprinttype = {arxiv},
	eprint = {2103.05922 [cs, eess]},
	note = {Number: {arXiv}:2103.05922},
	keywords = {Computer Science - Robotics, Electrical Engineering and Systems Science - Systems and Control, Computer Science - Machine Learning},
	file = {Li et al. - 2021 - RMP2 A Structured Composable Policy Class for Rob.pdf:/home/mspahn/Zotero/storage/MF7XE85M/Li et al. - 2021 - RMP2 A Structured Composable Policy Class for Rob.pdf:application/pdf},
}

@misc{Spahn2022,
	title = {Dynamic Optimization Fabrics for Motion Generation},
	url = {http://arxiv.org/abs/2205.08454},
	publisher = {{arXiv}},
	author = {Spahn, Max and Wisse, Martijn and Alonso-Mora, Javier},
	urldate = {2022-06-21},
	date = {2022-05-30},
	eprinttype = {arxiv},
	eprint = {2205.08454 [cs]},
	note = {Number: {arXiv}:2205.08454},
	keywords = {Computer Science - Robotics},
	file = {arXiv Fulltext PDF:/home/mspahn/Zotero/storage/ZB8MMDPE/Spahn et al. - 2022 - Dynamic Optimization Fabrics for Motion Generation.pdf:application/pdf;arXiv.org Snapshot:/home/mspahn/Zotero/storage/WKE9EXTY/2205.html:text/html},
}

@inproceedings{meng2019neural,
  title={Neural autonomous navigation with riemannian motion policy},
  author={Meng, Xiangyun and Ratliff, Nathan and Xiang, Yu and Fox, Dieter},
  booktitle={2019 International Conference on Robotics and Automation (ICRA)},
  pages={8860--8866},
  year={2019},
  organization={IEEE}
}

@inproceedings{optuna,
  title={Optuna: A next-generation hyperparameter optimization framework},
  author={Akiba, Takuya and Sano, Shotaro and Yanase, Toshihiko and Ohta, Takeru and Koyama, Masanori},
  booktitle={Proceedings of the 25th ACM SIGKDD international conference on knowledge discovery \& data mining},
  pages={2623--2631},
  year={2019}
}


@misc{spahn_urdf_environment,
author = {Spahn, Max },
doi = {10.4121/19362017},
year = {2022},
license = {GPL-3.0},
booktitle = {Github repository},
publisher = {Github},
title = {{Urdf-Environment}},
url = {https://github.com/maxspahn/gym_envs_urdf},
howpublished = {\url{https://github.com/maxspahn/gym_envs_urdf}},
version = {1.0.0},
}

@book{bullo2019geometric,
  title={Geometric control of mechanical systems: modeling, analysis, and design for simple mechanical control systems},
  author={Bullo, Francesco and Lewis, Andrew D},
  volume={49},
  year={2019},
  publisher={Springer}
}

@inproceedings{spahn2021coupled,
  title={Coupled mobile manipulation via trajectory optimization with free space decomposition},
  author={Spahn, Max and Brito, Bruno and Alonso-Mora, Javier},
  booktitle={2021 IEEE International Conference on Robotics and Automation (ICRA)},
  pages={12759--12765},
  year={2021},
  organization={IEEE}
}

@incollection{chaumette2016visual,
  title={Visual servoing},
  author={Chaumette, Fran{\c{c}}ois and Hutchinson, Seth and Corke, Peter},
  booktitle={Springer Handbook of Robotics},
  pages={841--866},
  year={2016},
  publisher={Springer}
}
